1779 2595
816 87 837 122 5

149 203 243 251 quod
269 207 399 240 veteres
424 203 539 239 minus
564 203 814 254 erubescebant
830 203 933 239 dictis
950 202 1140 239 obscoenis.
1183 202 1314 245 Quodsi
1334 201 1483 243 Catullo,

150 263 284 305 Ovidio,
311 263 466 298 Martiali
484 263 695 308 reliquisque
712 262 824 308 poetis
841 274 882 298 ea
898 262 999 297 venia
1019 262 1134 303 datur,
1159 265 1200 297 ut
1225 261 1352 296 lascive
1376 261 1484 295 inter-

148 321 231 357 dum
256 321 381 357 ludant
397 325 432 356 et
448 333 570 367 parum
590 321 714 366 pudice
731 321 931 366 loquantur,
957 324 1089 366 quanto
1107 320 1218 365 magis
1235 319 1482 364 ignoscendum

149 384 202 415 est
225 383 422 415 saturarum
447 379 684 425 scriptoribus,
710 379 739 414 si
767 378 908 425 quando
933 382 1052 424 turpes
1077 390 1132 414 res
1150 378 1311 424 turpibus
1328 381 1483 413 tractant

148 438 271 473 verbis.
322 437 373 472 Ne
399 437 566 473 Horatius
592 437 742 483 quidem,
767 437 863 473 cuius
888 437 1056 483 probitas,
1086 436 1189 472 modo
1221 448 1265 471 ne
1290 436 1482 471 christiana

147 496 222 540 lege
255 495 421 531 iudicium
453 496 638 537 faciamus,
676 499 775 530 extra
814 506 950 531 omnem
983 494 1237 530 dubitationem
1272 494 1388 540 posita
1421 498 1482 535 est,

147 554 299 590 abstinet
324 554 448 596 verbis,
479 566 567 600 quae
592 565 614 589 a
646 553 819 589 Iuvenalis
844 553 994 589 dictione
1018 552 1113 588 haud
1139 552 1239 588 valde
1264 552 1479 588 abhorrent.¹

148 612 307 648 Ceterum
336 612 510 648 Iuvenalis
536 624 578 647 ex
603 611 777 647 industria
808 612 1011 648 taeterrima
1041 611 1104 647 illa
1138 611 1324 646 libidinum
1356 622 1483 655 genera

146 670 259 706 verbis
277 670 498 717 persequitur
515 670 704 713 obscoenis,
722 682 791 716 quo
809 669 983 706 efficacius
1001 660 1156 706 homines
1174 669 1358 705 sceleratos
1375 672 1481 711 notet,

147 729 298 773 legentes
323 741 345 764 a
370 729 497 764 scelere
521 729 725 764 absterreat.
776 727 878 764 Unde
901 728 952 770 fit,
977 732 1017 763 ut
1043 728 1136 763 dicta
1154 728 1227 763 eius
1244 728 1384 763 minime
1400 727 1482 762 libi-

146 787 261 822 dinem
287 787 447 829 excitent,
482 787 586 823 immo
621 798 787 822 nauseam
811 790 982 823 moveant.
1034 786 1149 829 Quare
1178 786 1353 821 Iuvenalis
1378 785 1481 827 ratio,

147 845 206 890 qui
230 846 369 887 scelera,
395 849 435 880 ut
459 849 551 887 sunt,
576 846 716 890 detegit,
742 857 812 880 non
836 849 908 881 tam
926 845 1091 890 pestifera
1115 848 1179 886 est,
1204 856 1309 889 quam
1327 856 1481 889 quorun-

146 903 226 939 dam
251 906 431 949 poet-arum
458 902 602 939 deliciae
627 906 662 939 et
687 903 890 949 elegantiae,
915 902 1042 949 quibus
1067 914 1122 939 res
1147 906 1265 949 turpes
1290 902 1428 939 liberali
1446 905 1481 938 et

145 962 298 1007 ingenua
323 962 410 997 facie
434 962 591 999 induant.
643 962 713 997 Eos
739 966 856 998 autem
890 963 984 997 locos
1018 962 1047 997 si
1073 962 1228 1007 respicis,
1259 961 1319 997 ubi
1355 961 1480 996 iocosis

146 1020 259 1055 verbis
285 1021 385 1065 quasi
411 1020 532 1055 ludens
557 1020 672 1065 tangit
689 1032 744 1055 res
761 1020 912 1055 maxime
928 1019 1126 1061 nefa11das‚²
1151 1032 1233 1055 cave
1258 1032 1301 1054 ex
1319 1019 1373 1054 his
1399 1031 1480 1054 con-

145 1078 230 1112 icias
264 1089 341 1112 eum
373 1077 479 1113 fuisse
512 1077 620 1113 levem
645 1078 811 1120 moribus,
846 1078 950 1113 immo
975 1078 1013 1112 in
1038 1081 1187 1113 mentem
1222 1089 1358 1112 revoces
1385 1077 1479 1123 quod

145 1136 230 1171 dicit
255 1136 432 1177 Horatius,
457 1138 597 1171 saturae
621 1139 825 1181 praeceptor
849 1147 960 1181 aeque
984 1136 1096 1172 bonus
1122 1148 1162 1171 ac
1187 1136 1368 1181 scriptor3:

317 1223 365 1263 (Et
385 1232 511 1251 sermone
532 1232 602 1259 opus
622 1224 666 1251 cst
687 1222 770 1251 modo
790 1223 877 1260 tristi,
898 1232 982 1260 saepe
1002 1223 1103 1260 iocoso,

320 1270 493 1299 Defendente
513 1271 600 1299 vicem
623 1270 706 1300 modo
727 1271 849 1300 rhetoris
870 1273 956 1308 atque
976 1272 1083 1309 poetae,

318 1319 466 1348 Interdum
488 1319 598 1356 urbani,
619 1320 762 1356 parcentis
782 1320 891 1349 viribus
911 1322 997 1357 atque

319 1368 508 1397 Extenuantis
528 1377 575 1397 cas
596 1368 734 1397 consulto.
774 1368 987 1397 Ridiculum
1008 1369 1083 1398 acri

318 1416 472 1445 Fortius
492 1418 527 1445 et
547 1417 678 1445 melius
698 1426 851 1453 magnas
871 1417 1088 1454 plerumque
1109 1418 1210 1446 secat
1230 1414 1302 1446 res.'

144 1494 215 1530 Nec
240 1506 320 1530 vero
346 1494 566 1530 statuendum
591 1498 644 1531 est
669 1506 746 1530 eum
771 1494 959 1531 sceleribus
985 1494 1134 1530 aliorum
1152 1495 1251 1540 quasi
1269 1495 1479 1539 gaudentem

144 1553 222 1588 ideo
247 1552 388 1587 finxisse
420 1564 485 1594 res,
520 1564 589 1598 quo
624 1553 758 1597 peiores
790 1553 956 1598 depingat
985 1553 1170 1589 homines.4
1219 1553 1309 1587 Nam
1342 1553 1479 1588 etiamsi

144 1610 292 1646 concedo
318 1609 417 1652 nihil,
450 1622 493 1646 ne
526 1610 667 1655 exiguas
702 1610 841 1656 quidem
874 1610 1065 1653 fatuitates,
1099 1611 1143 1646 ab
1169 1622 1208 1646 eo
1234 1611 1477 1656 praetermitti,

143 1672 273 1710 tamen,
307 1669 337 1704 si
372 1668 638 1704 admirationem
672 1669 745 1705 eius
781 1673 976 1715 spectamus
1010 1669 1180 1715 pristinae
1217 1669 1479 1715 simplicitatis‚⁵

262 1786 272 1802 ¹
292 1783 350 1813 Cfr.
373 1784 440 1813 Hor.
461 1786 514 1813 sat.
535 1784 573 1813 II.
596 1786 621 1814 7.
642 1785 688 1814 49.
710 1802 746 1806 -
766 1785 828 1814 1uv.
850 1785 900 1814 VI.
925 1785 988 1815 126.

260 1845 272 1861 2
292 1842 352 1871 cn.
373 1843 396 1872 J.
418 1844 559 1879 55.—57.,
579 1843 617 1872 11.
641 1844 782 1880 11.—13.,
803 1845 860 1880 60.,
881 1844 934 1872 111.
959 1844 1032 1880 112Ἰ
1059 1823 1275 1880 1ν.’34.-37.,
1299 1844 1478 1880 192.-199.‚

142 1891 323 1927 312—313,
345 1891 525 1928 377.-378.‚
545 1892 607 1919 tota
627 1893 681 1919 sat.
701 1891 752 1920 1x.

260 1950 271 1967 ³
292 1949 350 1978 Cfr.
373 1949 440 1979 Hor.
462 1951 516 1978 sat.
538 1950 561 1979 I.
586 1950 630 1980 10.
654 1950 697 1979 11.
718 1959 759 1988 sq.

260 2009 272 2025 ⁴
293 2007 351 2036 Cfr.
373 2007 537 2042 Teuffelius,
558 2008 577 2036 1.
599 2017 622 2037 c.
643 2017 709 2045 pag.
730 2009 813 2038 417.:
835 2009 898 2049 (Die
918 2008 1086 2038 dunkclsten
1108 2009 1239 2037 Partiecn
1262 2009 1347 2038 sucht
1367 2018 1398 2037 er
1418 2009 1479 2037 sich

143 2056 196 2084 mit
218 2055 348 2085 Vorliebo
368 2055 421 2084 auf
439 2055 496 2084 und
517 2055 599 2085 fiihrt
618 2056 659 2085 sie
686 2056 729 2085 bis
749 2056 795 2086 ins
815 2057 960 2086 Einzelste
981 2057 1078 2086 hinein
1101 2057 1154 2086 mit
1172 2057 1284 2086 solcher
1304 2057 1478 2086 Griindlich-

142 2105 201 2133 keit
221 2113 282 2140 aus,
304 2104 369 2133 dass
390 2113 420 2133 es
440 2104 487 2141 ist,
508 2104 552 2133 als
572 2104 663 2133 freute
678 2113 707 2133 er
728 2105 788 2134 sich
803 2104 934 2143 dariiber,
955 2106 1020 2134 weil
1033 2105 1079 2135 dic
1092 2106 1243 2135 Menschen
1257 2106 1338 2134 recht
1352 2105 1480 2134 schlecht

142 2153 206 2182 sind
228 2176 235 2183 .
256 2176 263 2183 .
284 2176 291 2184 .
313 2149 330 2183 .‘

259 2214 271 2230 ⁵
291 2211 349 2240 Cfr.
371 2212 395 2241 Ι.
416 2213 462 2248 94,
484 2213 539 2248 95.,
561 2212 599 2240 11.
621 2212 667 2241 72.
689 2220 739 2249 sq.,
766 2212 820 2241 111.
843 2213 907 2242 168.
928 2221 979 2249 sq.,
1005 2214 1185 2249 312—314,
1213 2213 1264 2241 VI.
1287 2214 1311 2241 1.
1333 2222 1385 2249 sq,
1412 2213 1480 2248 265,

141 2260 208 2297 266,
228 2260 294 2290 287.
315 2268 366 2298 sq„
388 2260 453 2298 335,
475 2260 549 2298 336,
573 2259 638 2290 V11.
660 2260 736 2298 207„
756 2260 838 2290 VIII.
856 2262 902 2292 98.
923 2269 974 2299 sq,
995 2260 1030 2291 X.
1045 2261 1121 2299 298,
1142 2261 1193 2291 XI.
1209 2262 1254 2292 77.
1269 2270 1319 2299 sq,
1343 2261 1406 2292 117.
1428 2270 1479 2300 sq,

140 2309 220 2338 XIV.
243 2310 306 2339 160.
327 2318 368 2347 sq.
