<?xml version="1.0" encoding="UTF-8"?>
<!DOCTYPE html PUBLIC "-//W3C//DTD XHTML 1.0 Transitional//EN"
    "http://www.w3.org/TR/xhtml1/DTD/xhtml1-transitional.dtd">
<html xmlns="http://www.w3.org/1999/xhtml" xml:lang="en" lang="en">
 <head>
  <title>
</title>
<meta http-equiv="Content-Type" content="text/html;charset=utf-8" />
  <meta name='ocr-system' content='tesseract 3.04.00' />
  <meta name='ocr-capabilities' content='ocr_page ocr_carea ocr_par ocr_line ocrx_word'/>
</head>
<body>
  <div class='ocr_page' id='page_1' title='image "4771776_0036.png"; bbox 0 0 1779 2595; ppageno 0'>
   <div class='ocr_carea' id='block_1_1' title="bbox 918 77 966 111">
    <p class='ocr_par' dir='ltr' id='par_1_1' title="bbox 918 77 966 111">
     <span class='ocr_line' id='line_1_1' title="bbox 918 77 966 111; baseline 0 0"><span class='ocrx_word' id='word_1_1' title='bbox 918 77 966 111; x_wconf 80' lang='lat'><strong>24</strong></span> 
     </span>
    </p>
   </div>
   <div class='ocr_carea' id='block_1_2' title="bbox 826 126 1026 132">
    <p class='ocr_par' dir='ltr' id='par_1_2' title="bbox 826 126 1026 132">
     <span class='ocr_line' id='line_1_2' title="bbox 826 126 1026 132; baseline 0 0"><span class='ocrx_word' id='word_1_2' title='bbox 826 126 1026 132; x_wconf 95' lang='lat' dir='ltr'><strong> </strong></span> 
     </span>
    </p>
   </div>
   <div class='ocr_carea' id='block_1_3' title="bbox 225 192 1613 1985">
    <p class='ocr_par' dir='ltr' id='par_1_3' title="bbox 265 192 1613 354">
     <span class='ocr_line' id='line_1_3' title="bbox 266 192 1613 237; baseline 0.001 -11"><span class='ocrx_word' id='word_1_3' title='bbox 266 203 324 233; x_wconf 90' lang='lat' dir='ltr'><strong>eo,</strong></span> <span class='ocrx_word' id='word_1_4' title='bbox 351 192 386 226; x_wconf 91' lang='lat' dir='ltr'><strong>in</strong></span> <span class='ocrx_word' id='word_1_5' title='bbox 415 203 516 237; x_wconf 88' lang='lat' dir='ltr'><strong>quem</strong></span> <span class='ocrx_word' id='word_1_6' title='bbox 543 196 647 237; x_wconf 84' lang='lat' dir='ltr'><strong>poeta</strong></span> <span class='ocrx_word' id='word_1_7' title='bbox 672 192 882 233; x_wconf 85' lang='lat' dir='ltr'><strong>insectatur,</strong></span> <span class='ocrx_word' id='word_1_8' title='bbox 917 193 1104 228; x_wconf 80' lang='lat' dir='ltr'><strong>memoriae</strong></span> <span class='ocrx_word' id='word_1_9' title='bbox 1130 192 1219 228; x_wconf 91' lang='lat' dir='ltr'><strong>nihil</strong></span> <span class='ocrx_word' id='word_1_10' title='bbox 1236 192 1414 228; x_wconf 71' lang='lat' dir='ltr'><strong>‘traditum</strong></span> <span class='ocrx_word' id='word_1_11' title='bbox 1440 196 1510 234; x_wconf 88' lang='lat' dir='ltr'><strong>est,</strong></span> <span class='ocrx_word' id='word_1_12' title='bbox 1543 204 1613 228; x_wconf 79' lang='lat' dir='ltr'><strong>nnn</strong></span> 
     </span>
     <span class='ocr_line' id='line_1_4' title="bbox 265 250 1611 297; baseline 0.002 -13"><span class='ocrx_word' id='word_1_13' title='bbox 265 250 408 291; x_wconf 85' lang='lat' dir='ltr'><strong>mirum,</strong></span> <span class='ocrx_word' id='word_1_14' title='bbox 442 262 520 285; x_wconf 91' lang='lat' dir='ltr'><strong>cum</strong></span> <span class='ocrx_word' id='word_1_15' title='bbox 554 250 628 296; x_wconf 90' lang='lat' dir='ltr'><strong>ipse</strong></span> <span class='ocrx_word' id='word_1_16' title='bbox 655 250 830 285; x_wconf 85' lang='lat' dir='ltr'><strong>Iuvenalis</strong></span> <span class='ocrx_word' id='word_1_17' title='bbox 856 251 903 296; x_wconf 78' lang='lat' dir='ltr'><strong>(v,</strong></span> <span class='ocrx_word' id='word_1_18' title='bbox 930 252 1006 297; x_wconf 61' lang='lat'>41,)</span> <span class='ocrx_word' id='word_1_19' title='bbox 1033 251 1127 287; x_wconf 88' lang='lat' dir='ltr'><strong>haud</strong></span> <span class='ocrx_word' id='word_1_20' title='bbox 1160 251 1306 287; x_wconf 79' lang='lat' dir='ltr'><strong>obscure</strong></span> <span class='ocrx_word' id='word_1_21' title='bbox 1338 250 1509 297; x_wconf 87' lang='lat' dir='ltr'><strong>significet</strong></span> <span class='ocrx_word' id='word_1_22' title='bbox 1534 264 1611 287; x_wconf 89' lang='lat' dir='ltr'><strong>eum</strong></span> 
     </span>
     <span class='ocr_line' id='line_1_5' title="bbox 266 308 881 354; baseline 0.002 -11"><span class='ocrx_word' id='word_1_23' title='bbox 266 308 358 343; x_wconf 80' lang='lat' dir='ltr'><strong>nihil</strong></span> <span class='ocrx_word' id='word_1_24' title='bbox 384 309 553 344; x_wconf 88' lang='lat' dir='ltr'><strong>memoria</strong></span> <span class='ocrx_word' id='word_1_25' title='bbox 579 309 724 354; x_wconf 88' lang='lat' dir='ltr'><strong>dignum</strong></span> <span class='ocrx_word' id='word_1_26' title='bbox 750 309 881 345; x_wconf 86' lang='lat' dir='ltr'><strong>fecisse.</strong></span> 
     </span>
    </p>

    <p class='ocr_par' dir='ltr' id='par_1_4' title="bbox 265 367 1611 469">
     <span class='ocr_line' id='line_1_6' title="bbox 384 367 1611 414; baseline 0.001 -13"><span class='ocrx_word' id='word_1_27' title='bbox 384 367 558 402; x_wconf 85' lang='lat' dir='ltr'><strong>Iuvenalis</strong></span> <span class='ocrx_word' id='word_1_28' title='bbox 593 367 704 411; x_wconf 86' lang='lat' dir='ltr'><strong>igitur</strong></span> <span class='ocrx_word' id='word_1_29' title='bbox 739 368 868 403; x_wconf 87' lang='lat' dir='ltr'><strong>erroris</strong></span> <span class='ocrx_word' id='word_1_30' title='bbox 901 372 963 403; x_wconf 88' lang='lat' dir='ltr'><strong>aut</strong></span> <span class='ocrx_word' id='word_1_31' title='bbox 996 369 1081 403; x_wconf 84' lang='lat' dir='ltr'><strong>mali</strong></span> <span class='ocrx_word' id='word_1_32' title='bbox 1113 368 1155 402; x_wconf 92' lang='lat' dir='ltr'><strong>de</strong></span> <span class='ocrx_word' id='word_1_33' title='bbox 1188 368 1326 404; x_wconf 90' lang='lat' dir='ltr'><strong>homine</strong></span> <span class='ocrx_word' id='word_1_34' title='bbox 1356 368 1465 414; x_wconf 91' lang='lat' dir='ltr'><strong>probo</strong></span> <span class='ocrx_word' id='word_1_35' title='bbox 1490 368 1611 403; x_wconf 90' lang='lat' dir='ltr'><strong>iudicii</strong></span> 
     </span>
     <span class='ocr_line' id='line_1_7' title="bbox 265 425 653 469; baseline 0 -10"><span class='ocrx_word' id='word_1_36' title='bbox 265 425 467 469; x_wconf 85' lang='lat' dir='ltr'><strong>arguendus</strong></span> <span class='ocrx_word' id='word_1_37' title='bbox 493 436 563 459; x_wconf 93' lang='lat' dir='ltr'><strong>non</strong></span> <span class='ocrx_word' id='word_1_38' title='bbox 591 429 653 460; x_wconf 87' lang='lat' dir='ltr'><strong>est.</strong></span> 
     </span>
    </p>

    <p class='ocr_par' dir='ltr' id='par_1_5' title="bbox 225 483 1611 1045">
     <span class='ocr_line' id='line_1_8' title="bbox 383 483 1611 530; baseline 0.001 -12"><span class='ocrx_word' id='word_1_39' title='bbox 383 484 447 518; x_wconf 88' lang='lat' dir='ltr'><strong>His</strong></span> <span class='ocrx_word' id='word_1_40' title='bbox 481 483 648 529; x_wconf 88' lang='lat' dir='ltr'><strong>exemplis</strong></span> <span class='ocrx_word' id='word_1_41' title='bbox 685 483 912 529; x_wconf 82' lang='lat' dir='ltr'><strong>comprobare</strong></span> <span class='ocrx_word' id='word_1_42' title='bbox 949 484 1040 519; x_wconf 91' lang='lat' dir='ltr'><strong>volui</strong></span> <span class='ocrx_word' id='word_1_43' title='bbox 1072 496 1142 519; x_wconf 88' lang='lat' dir='ltr'><strong>non</strong></span> <span class='ocrx_word' id='word_1_44' title='bbox 1176 496 1324 530; x_wconf 82' lang='lat' dir='ltr'><strong>aequum</strong></span> <span class='ocrx_word' id='word_1_45' title='bbox 1357 496 1431 520; x_wconf 91' lang='lat' dir='ltr'><strong>esse</strong></span> <span class='ocrx_word' id='word_1_46' title='bbox 1457 484 1611 520; x_wconf 87' lang='lat' dir='ltr'><strong>Iuvenali</strong></span> 
     </span>
     <span class='ocr_line' id='line_1_9' title="bbox 264 542 1611 588; baseline 0.001 -12"><span class='ocrx_word' id='word_1_47' title='bbox 264 542 367 577; x_wconf 90' lang='lat' dir='ltr'><strong>fidem</strong></span> <span class='ocrx_word' id='word_1_48' title='bbox 401 542 586 587; x_wconf 79' lang='lat' dir='ltr'><strong>abrogari,</strong></span> <span class='ocrx_word' id='word_1_49' title='bbox 618 542 679 577; x_wconf 92' lang='lat' dir='ltr'><strong>ubi</strong></span> <span class='ocrx_word' id='word_1_50' title='bbox 706 554 817 587; x_wconf 88' lang='lat' dir='ltr'><strong>neque</strong></span> <span class='ocrx_word' id='word_1_51' title='bbox 843 542 921 588; x_wconf 88' lang='lat' dir='ltr'><strong>ipsa</strong></span> <span class='ocrx_word' id='word_1_52' title='bbox 946 555 984 578; x_wconf 90' lang='lat' dir='ltr'><strong>re</strong></span> <span class='ocrx_word' id='word_1_53' title='bbox 1010 554 1122 588; x_wconf 87' lang='lat' dir='ltr'><strong>neque</strong></span> <span class='ocrx_word' id='word_1_54' title='bbox 1147 543 1297 578; x_wconf 87' lang='lat' dir='ltr'><strong>aliorum</strong></span> <span class='ocrx_word' id='word_1_55' title='bbox 1323 555 1437 578; x_wconf 88' lang='lat' dir='ltr'><strong>rerum</strong></span> <span class='ocrx_word' id='word_1_56' title='bbox 1464 543 1611 588; x_wconf 86' lang='lat' dir='ltr'><strong>scripto-</strong></span> 
     </span>
     <span class='ocr_line' id='line_1_10' title="bbox 264 600 1611 638; baseline 0.001 -3"><span class='ocrx_word' id='word_1_57' title='bbox 264 612 342 635; x_wconf 88' lang='lat' dir='ltr'><strong>rum</strong></span> <span class='ocrx_word' id='word_1_58' title='bbox 369 600 581 636; x_wconf 80' lang='lat' dir='ltr'><strong>testimoniis</strong></span> <span class='ocrx_word' id='word_1_59' title='bbox 616 600 791 636; x_wconf 85' lang='lat' dir='ltr'><strong>dubitatio</strong></span> <span class='ocrx_word' id='word_1_60' title='bbox 818 601 1013 637; x_wconf 81' lang='lat' dir='ltr'><strong>certissima</strong></span> <span class='ocrx_word' id='word_1_61' title='bbox 1038 604 1228 638; x_wconf 83' lang='lat' dir='ltr'><strong>moveatur.</strong></span> <span class='ocrx_word' id='word_1_62' title='bbox 1279 601 1453 638; x_wconf 85' lang='lat' dir='ltr'><strong>Mendacii</strong></span> <span class='ocrx_word' id='word_1_63' title='bbox 1480 601 1611 637; x_wconf 85' lang='lat' dir='ltr'><strong>scilicet</strong></span> 
     </span>
     <span class='ocr_line' id='line_1_11' title="bbox 263 659 1610 706; baseline 0.001 -13"><span class='ocrx_word' id='word_1_64' title='bbox 263 660 437 694; x_wconf 89' lang='lat' dir='ltr'><strong>immerito</strong></span> <span class='ocrx_word' id='word_1_65' title='bbox 464 663 635 704; x_wconf 88' lang='lat' dir='ltr'><strong>suspecto,</strong></span> <span class='ocrx_word' id='word_1_66' title='bbox 663 664 702 694; x_wconf 90' lang='lat' dir='ltr'><strong>ut</strong></span> <span class='ocrx_word' id='word_1_67' title='bbox 727 659 799 694; x_wconf 88' lang='lat' dir='ltr'><strong>fere</strong></span> <span class='ocrx_word' id='word_1_68' title='bbox 823 659 873 701; x_wconf 85' lang='lat' dir='ltr'><strong>fit,</strong></span> <span class='ocrx_word' id='word_1_69' title='bbox 900 660 989 694; x_wconf 92' lang='lat' dir='ltr'><strong>nihil</strong></span> <span class='ocrx_word' id='word_1_70' title='bbox 1016 660 1187 702; x_wconf 82' lang='lat' dir='ltr'><strong>creditur3</strong></span> <span class='ocrx_word' id='word_1_71' title='bbox 1215 660 1307 706; x_wconf 87' lang='lat' dir='ltr'><strong>quod</strong></span> <span class='ocrx_word' id='word_1_72' title='bbox 1326 673 1433 706; x_wconf 86' lang='lat' dir='ltr'><strong>supra</strong></span> <span class='ocrx_word' id='word_1_73' title='bbox 1452 661 1610 702; x_wconf 83' lang='lat' dir='ltr'><strong>vidimus,</strong></span> 
     </span>
     <span class='ocr_line' id='line_1_12' title="bbox 263 717 1609 763; baseline 0.001 -11"><span class='ocrx_word' id='word_1_74' title='bbox 263 718 306 752; x_wconf 90' lang='lat' dir='ltr'><strong>de</strong></span> <span class='ocrx_word' id='word_1_75' title='bbox 341 717 444 753; x_wconf 89' lang='lat' dir='ltr'><strong>Statii</strong></span> <span class='ocrx_word' id='word_1_76' title='bbox 478 730 515 752; x_wconf 89' lang='lat' dir='ltr'><strong>re</strong></span> <span class='ocrx_word' id='word_1_77' title='bbox 549 717 715 752; x_wconf 83' lang='lat' dir='ltr'><strong>familiari</strong></span> <span class='ocrx_word' id='word_1_78' title='bbox 758 730 836 752; x_wconf 91' lang='lat' dir='ltr'><strong>cum</strong></span> <span class='ocrx_word' id='word_1_79' title='bbox 876 729 1065 762; x_wconf 85' lang='lat' dir='ltr'><strong>ageremus.</strong></span> <span class='ocrx_word' id='word_1_80' title='bbox 1126 719 1199 753; x_wconf 86' lang='lat' dir='ltr'><strong>Iam</strong></span> <span class='ocrx_word' id='word_1_81' title='bbox 1234 731 1314 754; x_wconf 90' lang='lat' dir='ltr'><strong>vero</strong></span> <span class='ocrx_word' id='word_1_82' title='bbox 1342 718 1464 753; x_wconf 79' lang='lat' dir='ltr'><strong>‘multo</strong></span> <span class='ocrx_word' id='word_1_83' title='bbox 1498 719 1609 763; x_wconf 89' lang='lat' dir='ltr'><strong>magis</strong></span> 
     </span>
     <span class='ocr_line' id='line_1_13' title="bbox 264 776 1609 823; baseline 0 -12"><span class='ocrx_word' id='word_1_84' title='bbox 264 776 495 821; x_wconf 86' lang='lat' dir='ltr'><strong>vituperanda</strong></span> <span class='ocrx_word' id='word_1_85' title='bbox 531 780 584 812; x_wconf 87' lang='lat' dir='ltr'><strong>est</strong></span> <span class='ocrx_word' id='word_1_86' title='bbox 615 776 828 812; x_wconf 83' lang='lat' dir='ltr'><strong>consuetudo</strong></span> <span class='ocrx_word' id='word_1_87' title='bbox 860 788 1000 817; x_wconf 90' lang='lat' dir='ltr'><strong>eorum,</strong></span> <span class='ocrx_word' id='word_1_88' title='bbox 1041 777 1120 822; x_wconf 90' lang='lat' dir='ltr'><strong>qui,</strong></span> <span class='ocrx_word' id='word_1_89' title='bbox 1159 777 1345 823; x_wconf 89' lang='lat' dir='ltr'><strong>quoniam,</strong></span> <span class='ocrx_word' id='word_1_90' title='bbox 1383 781 1423 812; x_wconf 89' lang='lat' dir='ltr'><strong>ut</strong></span> <span class='ocrx_word' id='word_1_91' title='bbox 1455 777 1609 818; x_wconf 86' lang='lat' dir='ltr'><strong>credant,</strong></span> 
     </span>
     <span class='ocr_line' id='line_1_14' title="bbox 225 833 1606 880; baseline 0 -12"><span class='ocrx_word' id='word_1_92' title='bbox 225 849 227 851; x_wconf 97' lang='lat'>·</span> <span class='ocrx_word' id='word_1_93' title='bbox 262 833 405 869; x_wconf 84' lang='lat' dir='ltr'><strong>difficile</strong></span> <span class='ocrx_word' id='word_1_94' title='bbox 435 834 669 875; x_wconf 87' lang='lat' dir='ltr'><strong>adducuntur,</strong></span> <span class='ocrx_word' id='word_1_95' title='bbox 709 834 914 869; x_wconf 87' lang='lat' dir='ltr'><strong>correctoris</strong></span> <span class='ocrx_word' id='word_1_96' title='bbox 932 837 966 869; x_wconf 92' lang='lat' dir='ltr'><strong>et</strong></span> <span class='ocrx_word' id='word_1_97' title='bbox 984 834 1216 870; x_wconf 88' lang='lat' dir='ltr'><strong>emendatoris</strong></span> <span class='ocrx_word' id='word_1_98' title='bbox 1234 838 1352 880; x_wconf 88' lang='lat' dir='ltr'><strong>partes</strong></span> <span class='ocrx_word' id='word_1_99' title='bbox 1371 835 1438 870; x_wconf 91' lang='lat' dir='ltr'><strong>sibi</strong></span> <span class='ocrx_word' id='word_1_100' title='bbox 1456 838 1606 870; x_wconf 89' lang='lat' dir='ltr'><strong>sumunt.</strong></span> 
     </span>
     <span class='ocr_line' id='line_1_15' title="bbox 261 886 1608 946; baseline 0.001 -20"><span class='ocrx_word' id='word_1_101' title='bbox 261 892 402 937; x_wconf 90' lang='lat' dir='ltr'><strong>Lipsius</strong></span> <span class='ocrx_word' id='word_1_102' title='bbox 436 893 577 937; x_wconf 92' lang='lat' dir='ltr'><strong>quidem</strong></span> <span class='ocrx_word' id='word_1_103' title='bbox 610 893 841 937; x_wconf 90' lang='lat' dir='ltr'><strong>plurimorum</strong></span> <span class='ocrx_word' id='word_1_104' title='bbox 875 905 952 927; x_wconf 90' lang='lat' dir='ltr'><strong>cum</strong></span> <span class='ocrx_word' id='word_1_105' title='bbox 984 893 1184 929; x_wconf 87' lang='lat' dir='ltr'><strong>assensione</strong></span> <span class='ocrx_word' id='word_1_106' title='bbox 1216 894 1410 946; x_wconf 50' lang='lat' dir='ltr'><strong>(Rubellius</strong></span> <span class='ocrx_word' id='word_1_107' title='bbox 1440 886 1608 928; x_wconf 84' lang='lat' dir='ltr'><strong>Blandus&#39;</strong></span> 
     </span>
     <span class='ocr_line' id='line_1_16' title="bbox 261 944 1609 1004; baseline 0.001 -19"><span class='ocrx_word' id='word_1_108' title='bbox 261 951 411 985; x_wconf 88' lang='lat' dir='ltr'><strong>mutavit</strong></span> <span class='ocrx_word' id='word_1_109' title='bbox 445 951 482 985; x_wconf 92' lang='lat' dir='ltr'><strong>in</strong></span> <span class='ocrx_word' id='word_1_110' title='bbox 516 950 710 1004; x_wconf 46' lang='lat' dir='ltr'><strong>(Rubellius</strong></span> <span class='ocrx_word' id='word_1_111' title='bbox 736 944 904 985; x_wconf 83' lang='lat' dir='ltr'><strong>Plautus&#39;.</strong></span> <span class='ocrx_word' id='word_1_112' title='bbox 958 950 1167 986; x_wconf 85' lang='lat' dir='ltr'><strong>Coniectura</strong></span> <span class='ocrx_word' id='word_1_113' title='bbox 1200 951 1309 996; x_wconf 87' lang='lat' dir='ltr'><strong>igitur</strong></span> <span class='ocrx_word' id='word_1_114' title='bbox 1339 951 1460 996; x_wconf 89' lang='lat' dir='ltr'><strong>utique</strong></span> <span class='ocrx_word' id='word_1_115' title='bbox 1485 955 1609 996; x_wconf 85' lang='lat' dir='ltr'><strong>poetae</strong></span> 
     </span>
     <span class='ocr_line' id='line_1_17' title="bbox 261 1008 874 1045; baseline -0.002 -2"><span class='ocrx_word' id='word_1_116' title='bbox 261 1009 375 1044; x_wconf 89' lang='lat' dir='ltr'><strong>verbis</strong></span> <span class='ocrx_word' id='word_1_117' title='bbox 402 1008 603 1045; x_wconf 90' lang='lat' dir='ltr'><strong>credibilior</strong></span> <span class='ocrx_word' id='word_1_118' title='bbox 629 1008 766 1044; x_wconf 89' lang='lat' dir='ltr'><strong>videtur</strong></span> <span class='ocrx_word' id='word_1_119' title='bbox 791 1021 874 1045; x_wconf 91' lang='lat' dir='ltr'><strong>esse.</strong></span> 
     </span>
    </p>

    <p class='ocr_par' dir='ltr' id='par_1_6' title="bbox 260 1067 1608 1463">
     <span class='ocr_line' id='line_1_18' title="bbox 377 1067 1608 1112; baseline 0.001 -11"><span class='ocrx_word' id='word_1_120' title='bbox 377 1068 474 1102; x_wconf 85' lang='lat' dir='ltr'><strong>Haec</strong></span> <span class='ocrx_word' id='word_1_121' title='bbox 499 1068 585 1101; x_wconf 86' lang='lat' dir='ltr'><strong>satis</strong></span> <span class='ocrx_word' id='word_1_122' title='bbox 611 1067 657 1101; x_wconf 85' lang='lat' dir='ltr'><strong>ad</strong></span> <span class='ocrx_word' id='word_1_123' title='bbox 684 1079 760 1108; x_wconf 90' lang='lat' dir='ltr'><strong>eos,</strong></span> <span class='ocrx_word' id='word_1_124' title='bbox 793 1068 853 1112; x_wconf 92' lang='lat' dir='ltr'><strong>qui</strong></span> <span class='ocrx_word' id='word_1_125' title='bbox 879 1068 988 1102; x_wconf 86' lang='lat' dir='ltr'><strong>nimia</strong></span> <span class='ocrx_word' id='word_1_126' title='bbox 1014 1067 1201 1102; x_wconf 86' lang='lat' dir='ltr'><strong>dubitandi</strong></span> <span class='ocrx_word' id='word_1_127' title='bbox 1227 1068 1462 1103; x_wconf 85' lang='lat' dir='ltr'><strong>obstinatione</strong></span> <span class='ocrx_word' id='word_1_128' title='bbox 1488 1072 1608 1103; x_wconf 87' lang='lat' dir='ltr'><strong>tenen-</strong></span> 
     </span>
     <span class='ocr_line' id='line_1_19' title="bbox 260 1125 1607 1172; baseline 0.001 -11"><span class='ocrx_word' id='word_1_129' title='bbox 260 1130 337 1168; x_wconf 90' lang='lat' dir='ltr'><strong>tur;</strong></span> <span class='ocrx_word' id='word_1_130' title='bbox 371 1126 452 1168; x_wconf 87' lang='lat' dir='ltr'><strong>iam,</strong></span> <span class='ocrx_word' id='word_1_131' title='bbox 483 1130 522 1161; x_wconf 95' lang='lat' dir='ltr'><strong>ut</strong></span> <span class='ocrx_word' id='word_1_132' title='bbox 547 1129 623 1161; x_wconf 85' lang='lat' dir='ltr'><strong>erat</strong></span> <span class='ocrx_word' id='word_1_133' title='bbox 648 1126 877 1172; x_wconf 89' lang='lat' dir='ltr'><strong>propositum,</strong></span> <span class='ocrx_word' id='word_1_134' title='bbox 903 1125 1153 1172; x_wconf 85' lang='lat' dir='ltr'><strong>aggrediamur</strong></span> <span class='ocrx_word' id='word_1_135' title='bbox 1177 1126 1223 1162; x_wconf 85' lang='lat' dir='ltr'><strong>ad</strong></span> <span class='ocrx_word' id='word_1_136' title='bbox 1249 1127 1497 1172; x_wconf 86' lang='lat' dir='ltr'><strong>quaestionem,</strong></span> <span class='ocrx_word' id='word_1_137' title='bbox 1523 1139 1607 1162; x_wconf 90' lang='lat' dir='ltr'><strong>num</strong></span> 
     </span>
     <span class='ocr_line' id='line_1_20' title="bbox 261 1184 1608 1230; baseline 0 -11"><span class='ocrx_word' id='word_1_138' title='bbox 261 1184 423 1220; x_wconf 88' lang='lat' dir='ltr'><strong>omnibus</strong></span> <span class='ocrx_word' id='word_1_139' title='bbox 456 1184 619 1229; x_wconf 86' lang='lat' dir='ltr'><strong>partibus</strong></span> <span class='ocrx_word' id='word_1_140' title='bbox 652 1185 741 1219; x_wconf 90' lang='lat' dir='ltr'><strong>iuste</strong></span> <span class='ocrx_word' id='word_1_141' title='bbox 775 1189 810 1219; x_wconf 87' lang='lat' dir='ltr'><strong>et</strong></span> <span class='ocrx_word' id='word_1_142' title='bbox 842 1185 974 1219; x_wconf 85' lang='lat' dir='ltr'><strong>sincere</strong></span> <span class='ocrx_word' id='word_1_143' title='bbox 1000 1185 1175 1219; x_wconf 86' lang='lat' dir='ltr'><strong>Iuvenalis</strong></span> <span class='ocrx_word' id='word_1_144' title='bbox 1211 1189 1339 1220; x_wconf 85' lang='lat' dir='ltr'><strong>narret.</strong></span> <span class='ocrx_word' id='word_1_145' title='bbox 1392 1185 1489 1228; x_wconf 87' lang='lat' dir='ltr'><strong>Quod</strong></span> <span class='ocrx_word' id='word_1_146' title='bbox 1522 1198 1608 1230; x_wconf 94' lang='lat' dir='ltr'><strong>quo-</strong></span> 
     </span>
     <span class='ocr_line' id='line_1_21' title="bbox 262 1241 1607 1286; baseline 0.001 -11"><span class='ocrx_word' id='word_1_147' title='bbox 262 1243 376 1276; x_wconf 92' lang='lat' dir='ltr'><strong>minus</strong></span> <span class='ocrx_word' id='word_1_148' title='bbox 419 1242 464 1275; x_wconf 89' lang='lat' dir='ltr'><strong>in</strong></span> <span class='ocrx_word' id='word_1_149' title='bbox 507 1241 902 1286; x_wconf 89' lang='lat' dir='ltr'><strong>descriptionibus</strong></span> <span class='ocrx_word' id='word_1_150' title='bbox 945 1242 1246 1286; x_wconf 81' lang='lat' dir='ltr'><strong>generalibus</strong></span> <span class='ocrx_word' id='word_1_151' title='bbox 1287 1242 1433 1283; x_wconf 83' lang='lat' dir='ltr'><strong>faceret,</strong></span> <span class='ocrx_word' id='word_1_152' title='bbox 1470 1242 1607 1277; x_wconf 82' lang='lat' dir='ltr'><strong>duabus</strong></span> 
     </span>
     <span class='ocr_line' id='line_1_22' title="bbox 260 1299 1608 1347; baseline 0.001 -12"><span class='ocrx_word' id='word_1_153' title='bbox 260 1300 481 1347; x_wconf 89' lang='lat' dir='ltr'><strong>potissimum</strong></span> <span class='ocrx_word' id='word_1_154' title='bbox 514 1300 629 1336; x_wconf 83' lang='lat' dir='ltr'><strong>causis</strong></span> <span class='ocrx_word' id='word_1_155' title='bbox 667 1299 866 1346; x_wconf 87' lang='lat' dir='ltr'><strong>prohibitus</strong></span> <span class='ocrx_word' id='word_1_156' title='bbox 898 1304 965 1336; x_wconf 89' lang='lat' dir='ltr'><strong>est:</strong></span> <span class='ocrx_word' id='word_1_157' title='bbox 1000 1300 1093 1346; x_wconf 89' lang='lat' dir='ltr'><strong>quod</strong></span> <span class='ocrx_word' id='word_1_158' title='bbox 1128 1300 1216 1336; x_wconf 89' lang='lat' dir='ltr'><strong>nihil</strong></span> <span class='ocrx_word' id='word_1_159' title='bbox 1250 1301 1316 1336; x_wconf 87' lang='lat' dir='ltr'><strong>nisi</strong></span> <span class='ocrx_word' id='word_1_160' title='bbox 1348 1301 1441 1336; x_wconf 85' lang='lat' dir='ltr'><strong>mala</strong></span> <span class='ocrx_word' id='word_1_161' title='bbox 1466 1301 1608 1347; x_wconf 85' lang='lat' dir='ltr'><strong>respicit</strong></span> 
     </span>
     <span class='ocr_line' id='line_1_23' title="bbox 260 1359 1607 1404; baseline 0.001 -11"><span class='ocrx_word' id='word_1_162' title='bbox 260 1364 365 1404; x_wconf 83' lang='lat' dir='ltr'><strong>poeta</strong></span> <span class='ocrx_word' id='word_1_163' title='bbox 398 1360 561 1404; x_wconf 86' lang='lat' dir='ltr'><strong>bonaque</strong></span> <span class='ocrx_word' id='word_1_164' title='bbox 595 1360 735 1394; x_wconf 90' lang='lat' dir='ltr'><strong>omnino</strong></span> <span class='ocrx_word' id='word_1_165' title='bbox 770 1372 844 1393; x_wconf 88' lang='lat' dir='ltr'><strong>esse</strong></span> <span class='ocrx_word' id='word_1_166' title='bbox 878 1359 949 1394; x_wconf 88' lang='lat' dir='ltr'><strong>fere</strong></span> <span class='ocrx_word' id='word_1_167' title='bbox 985 1372 1112 1404; x_wconf 85' lang='lat' dir='ltr'><strong>negare</strong></span> <span class='ocrx_word' id='word_1_168' title='bbox 1143 1360 1278 1394; x_wconf 88' lang='lat' dir='ltr'><strong>videtur</strong></span> <span class='ocrx_word' id='word_1_169' title='bbox 1303 1364 1337 1394; x_wconf 89' lang='lat' dir='ltr'><strong>et</strong></span> <span class='ocrx_word' id='word_1_170' title='bbox 1363 1360 1456 1404; x_wconf 86' lang='lat' dir='ltr'><strong>quod</strong></span> <span class='ocrx_word' id='word_1_171' title='bbox 1483 1372 1607 1404; x_wconf 85' lang='lat' dir='ltr'><strong>genere</strong></span> 
     </span>
     <span class='ocr_line' id='line_1_24' title="bbox 260 1417 1202 1463; baseline -0.001 -11"><span class='ocrx_word' id='word_1_172' title='bbox 260 1417 398 1452; x_wconf 82' lang='lat' dir='ltr'><strong>dicendi</strong></span> <span class='ocrx_word' id='word_1_173' title='bbox 425 1418 536 1452; x_wconf 88' lang='lat' dir='ltr'><strong>utitur</strong></span> <span class='ocrx_word' id='word_1_174' title='bbox 562 1417 698 1452; x_wconf 88' lang='lat' dir='ltr'><strong>artibus</strong></span> <span class='ocrx_word' id='word_1_175' title='bbox 725 1417 908 1452; x_wconf 88' lang='lat' dir='ltr'><strong>rhetoricis</strong></span> <span class='ocrx_word' id='word_1_176' title='bbox 934 1417 1038 1463; x_wconf 87' lang='lat' dir='ltr'><strong>plane</strong></span> <span class='ocrx_word' id='word_1_177' title='bbox 1064 1417 1202 1453; x_wconf 84' lang='lat' dir='ltr'><strong>infecto.</strong></span> 
     </span>
    </p>

    <p class='ocr_par' dir='ltr' id='par_1_7' title="bbox 257 1476 1606 1985">
     <span class='ocr_line' id='line_1_25' title="bbox 379 1476 1606 1522; baseline 0 -10"><span class='ocrx_word' id='word_1_178' title='bbox 379 1477 552 1522; x_wconf 89' lang='lat' dir='ltr'><strong>Opinione</strong></span> <span class='ocrx_word' id='word_1_179' title='bbox 578 1477 612 1511; x_wconf 90' lang='lat' dir='ltr'><strong>in</strong></span> <span class='ocrx_word' id='word_1_180' title='bbox 641 1477 745 1512; x_wconf 91' lang='lat' dir='ltr'><strong>rebus</strong></span> <span class='ocrx_word' id='word_1_181' title='bbox 772 1476 1007 1511; x_wconf 84' lang='lat' dir='ltr'><strong>diiudicandis</strong></span> <span class='ocrx_word' id='word_1_182' title='bbox 1035 1476 1175 1511; x_wconf 89' lang='lat' dir='ltr'><strong>ducitur</strong></span> <span class='ocrx_word' id='word_1_183' title='bbox 1200 1489 1304 1522; x_wconf 86' lang='lat' dir='ltr'><strong>quam</strong></span> <span class='ocrx_word' id='word_1_184' title='bbox 1331 1478 1490 1522; x_wconf 83' lang='lat' dir='ltr'><strong>pessima.</strong></span> <span class='ocrx_word' id='word_1_185' title='bbox 1535 1478 1606 1512; x_wconf 90' lang='lat' dir='ltr'><strong>Ho-</strong></span> 
     </span>
     <span class='ocr_line' id='line_1_26' title="bbox 260 1534 1606 1584; baseline 0 -15"><span class='ocrx_word' id='word_1_186' title='bbox 260 1535 371 1569; x_wconf 88' lang='lat' dir='ltr'><strong>mines</strong></span> <span class='ocrx_word' id='word_1_187' title='bbox 403 1535 447 1569; x_wconf 88' lang='lat' dir='ltr'><strong>ad</strong></span> <span class='ocrx_word' id='word_1_188' title='bbox 484 1547 592 1568; x_wconf 91' lang='lat' dir='ltr'><strong>unum</strong></span> <span class='ocrx_word' id='word_1_189' title='bbox 625 1546 736 1584; x_wconf 85' lang='lat' dir='ltr'><strong>paene</strong></span> <span class='ocrx_word' id='word_1_190' title='bbox 771 1546 888 1569; x_wconf 88' lang='lat' dir='ltr'><strong>omnes</strong></span> <span class='ocrx_word' id='word_1_191' title='bbox 922 1546 996 1569; x_wconf 88' lang='lat' dir='ltr'><strong>esse</strong></span> <span class='ocrx_word' id='word_1_192' title='bbox 1021 1535 1132 1569; x_wconf 82' lang='lat' dir='ltr'><strong>malos</strong></span> <span class='ocrx_word' id='word_1_193' title='bbox 1158 1535 1271 1575; x_wconf 77' lang='lat' dir='ltr'><strong>dicitl,</strong></span> <span class='ocrx_word' id='word_1_194' title='bbox 1297 1534 1507 1580; x_wconf 86' lang='lat' dir='ltr'><strong>probitatem</strong></span> <span class='ocrx_word' id='word_1_195' title='bbox 1534 1535 1606 1570; x_wconf 90' lang='lat' dir='ltr'><strong>suis</strong></span> 
     </span>
     <span class='ocr_line' id='line_1_27' title="bbox 260 1591 1606 1638; baseline 0.001 -11"><span class='ocrx_word' id='word_1_196' title='bbox 260 1592 452 1628; x_wconf 87' lang='lat' dir='ltr'><strong>honoribus</strong></span> <span class='ocrx_word' id='word_1_197' title='bbox 479 1594 624 1634; x_wconf 68' lang='lat' dir='ltr'><strong>carere2,</strong></span> <span class='ocrx_word' id='word_1_198' title='bbox 650 1593 891 1637; x_wconf 87' lang='lat' dir='ltr'><strong>posteritatem</strong></span> <span class='ocrx_word' id='word_1_199' title='bbox 918 1591 1063 1636; x_wconf 86' lang='lat' dir='ltr'><strong>flagitiis</strong></span> <span class='ocrx_word' id='word_1_200' title='bbox 1090 1593 1140 1627; x_wconf 89' lang='lat' dir='ltr'><strong>nil</strong></span> <span class='ocrx_word' id='word_1_201' title='bbox 1166 1592 1295 1628; x_wconf 86' lang='lat' dir='ltr'><strong>addere</strong></span> <span class='ocrx_word' id='word_1_202' title='bbox 1316 1595 1443 1638; x_wconf 79' lang='lat' dir='ltr'><strong>posse3.</strong></span> <span class='ocrx_word' id='word_1_203' title='bbox 1486 1593 1606 1638; x_wconf 90' lang='lat' dir='ltr'><strong>Neque</strong></span> 
     </span>
     <span class='ocr_line' id='line_1_28' title="bbox 259 1650 1606 1694; baseline 0.001 -10"><span class='ocrx_word' id='word_1_204' title='bbox 259 1651 429 1685; x_wconf 85' lang='lat' dir='ltr'><strong>stultitias</strong></span> <span class='ocrx_word' id='word_1_205' title='bbox 463 1650 617 1690; x_wconf 87' lang='lat' dir='ltr'><strong>deridet,</strong></span> <span class='ocrx_word' id='word_1_206' title='bbox 651 1650 709 1684; x_wconf 89' lang='lat' dir='ltr'><strong>sed</strong></span> <span class='ocrx_word' id='word_1_207' title='bbox 746 1650 877 1684; x_wconf 85' lang='lat' dir='ltr'><strong>scelera</strong></span> <span class='ocrx_word' id='word_1_208' title='bbox 903 1650 1112 1691; x_wconf 59' lang='lat' dir='ltr'><strong>insectatum</strong></span> <span class='ocrx_word' id='word_1_209' title='bbox 1149 1662 1220 1694; x_wconf 88' lang='lat' dir='ltr'><strong>qua</strong></span> <span class='ocrx_word' id='word_1_210' title='bbox 1245 1650 1280 1684; x_wconf 90' lang='lat' dir='ltr'><strong>in</strong></span> <span class='ocrx_word' id='word_1_211' title='bbox 1307 1662 1344 1685; x_wconf 88' lang='lat' dir='ltr'><strong>re</strong></span> <span class='ocrx_word' id='word_1_212' title='bbox 1370 1662 1437 1685; x_wconf 89' lang='lat' dir='ltr'><strong>non</strong></span> <span class='ocrx_word' id='word_1_213' title='bbox 1465 1651 1606 1691; x_wconf 82' lang='lat' dir='ltr'><strong>scutica,</strong></span> 
     </span>
     <span class='ocr_line' id='line_1_29' title="bbox 259 1707 1605 1754; baseline 0 -11"><span class='ocrx_word' id='word_1_214' title='bbox 259 1721 394 1753; x_wconf 89' lang='lat' dir='ltr'><strong>semper</strong></span> <span class='ocrx_word' id='word_1_215' title='bbox 419 1707 559 1752; x_wconf 84' lang='lat' dir='ltr'><strong>flagello</strong></span> <span class='ocrx_word' id='word_1_216' title='bbox 582 1708 702 1744; x_wconf 88' lang='lat' dir='ltr'><strong>utitur.</strong></span> <span class='ocrx_word' id='word_1_217' title='bbox 747 1707 1077 1742; x_wconf 89' lang='lat' dir='ltr'><strong>Luculentissimum</strong></span> <span class='ocrx_word' id='word_1_218' title='bbox 1095 1708 1198 1742; x_wconf 88' lang='lat' dir='ltr'><strong>huius</strong></span> <span class='ocrx_word' id='word_1_219' title='bbox 1217 1708 1266 1742; x_wconf 89' lang='lat' dir='ltr'><strong>rei</strong></span> <span class='ocrx_word' id='word_1_220' title='bbox 1285 1708 1479 1754; x_wconf 87' lang='lat' dir='ltr'><strong>exemplum</strong></span> <span class='ocrx_word' id='word_1_221' title='bbox 1497 1708 1605 1743; x_wconf 87' lang='lat' dir='ltr'><strong>habes</strong></span> 
     </span>
     <span class='ocr_line' id='line_1_30' title="bbox 259 1765 1606 1811; baseline 0 -10"><span class='ocrx_word' id='word_1_222' title='bbox 259 1771 413 1801; x_wconf 84' lang='lat' dir='ltr'><strong>saturam</strong></span> <span class='ocrx_word' id='word_1_223' title='bbox 449 1767 525 1808; x_wconf 62' lang='lat' dir='ltr'><strong>VI„</strong></span> <span class='ocrx_word' id='word_1_224' title='bbox 568 1778 638 1811; x_wconf 83' lang='lat' dir='ltr'><strong>qua</strong></span> <span class='ocrx_word' id='word_1_225' title='bbox 679 1778 749 1800; x_wconf 85' lang='lat' dir='ltr'><strong>uno</strong></span> <span class='ocrx_word' id='word_1_226' title='bbox 782 1766 884 1811; x_wconf 85' lang='lat' dir='ltr'><strong>quasi</strong></span> <span class='ocrx_word' id='word_1_227' title='bbox 918 1770 1038 1801; x_wconf 89' lang='lat' dir='ltr'><strong>tenore</strong></span> <span class='ocrx_word' id='word_1_228' title='bbox 1072 1769 1107 1801; x_wconf 86' lang='lat' dir='ltr'><strong>et</strong></span> <span class='ocrx_word' id='word_1_229' title='bbox 1141 1778 1230 1801; x_wconf 83' lang='lat' dir='ltr'><strong>nova</strong></span> <span class='ocrx_word' id='word_1_230' title='bbox 1262 1765 1399 1811; x_wconf 88' lang='lat' dir='ltr'><strong>flagitia</strong></span> <span class='ocrx_word' id='word_1_231' title='bbox 1432 1770 1467 1801; x_wconf 88' lang='lat' dir='ltr'><strong>et</strong></span> <span class='ocrx_word' id='word_1_232' title='bbox 1500 1767 1606 1801; x_wconf 85' lang='lat' dir='ltr'><strong>tritae</strong></span> 
     </span>
     <span class='ocr_line' id='line_1_31' title="bbox 257 1823 1604 1869; baseline 0 -10"><span class='ocrx_word' id='word_1_233' title='bbox 257 1825 438 1859; x_wconf 84' lang='lat' dir='ltr'><strong>fatuitates</strong></span> <span class='ocrx_word' id='word_1_234' title='bbox 465 1824 674 1860; x_wconf 84' lang='lat' dir='ltr'><strong>feminarum</strong></span> <span class='ocrx_word' id='word_1_235' title='bbox 701 1824 815 1859; x_wconf 89' lang='lat' dir='ltr'><strong>verbis</strong></span> <span class='ocrx_word' id='word_1_236' title='bbox 841 1835 951 1869; x_wconf 87' lang='lat' dir='ltr'><strong>aeque</strong></span> <span class='ocrx_word' id='word_1_237' title='bbox 976 1823 1140 1868; x_wconf 85' lang='lat' dir='ltr'><strong>gravibus</strong></span> <span class='ocrx_word' id='word_1_238' title='bbox 1171 1828 1377 1859; x_wconf 83' lang='lat' dir='ltr'><strong>tractantur.</strong></span> <span class='ocrx_word' id='word_1_239' title='bbox 1430 1824 1604 1859; x_wconf 87' lang='lat' dir='ltr'><strong>Iuvenalis</strong></span> 
     </span>
     <span class='ocr_line' id='line_1_32' title="bbox 257 1881 1604 1927; baseline -0.001 -11"><span class='ocrx_word' id='word_1_240' title='bbox 257 1883 366 1927; x_wconf 82' lang='lat' dir='ltr'><strong>igitur</strong></span> <span class='ocrx_word' id='word_1_241' title='bbox 392 1886 427 1916; x_wconf 87' lang='lat' dir='ltr'><strong>ct</strong></span> <span class='ocrx_word' id='word_1_242' title='bbox 453 1882 614 1916; x_wconf 85' lang='lat' dir='ltr'><strong>inaudita</strong></span> <span class='ocrx_word' id='word_1_243' title='bbox 640 1886 740 1926; x_wconf 84' lang='lat' dir='ltr'><strong>parte</strong></span> <span class='ocrx_word' id='word_1_244' title='bbox 766 1882 878 1916; x_wconf 83' lang='lat' dir='ltr'><strong>altera</strong></span> <span class='ocrx_word' id='word_1_245' title='bbox 904 1886 938 1916; x_wconf 93' lang='lat' dir='ltr'><strong>et</strong></span> <span class='ocrx_word' id='word_1_246' title='bbox 964 1882 1178 1916; x_wconf 90' lang='lat' dir='ltr'><strong>severissime</strong></span> <span class='ocrx_word' id='word_1_247' title='bbox 1204 1882 1259 1915; x_wconf 88' lang='lat' dir='ltr'><strong>ius</strong></span> <span class='ocrx_word' id='word_1_248' title='bbox 1285 1882 1379 1916; x_wconf 86' lang='lat' dir='ltr'><strong>dicit.</strong></span> <span class='ocrx_word' id='word_1_249' title='bbox 1425 1881 1496 1916; x_wconf 91' lang='lat' dir='ltr'><strong>Nec</strong></span> <span class='ocrx_word' id='word_1_250' title='bbox 1513 1893 1604 1923; x_wconf 90' lang='lat' dir='ltr'><strong>vero,</strong></span> 
     </span>
     <span class='ocr_line' id='line_1_33' title="bbox 258 1939 1604 1985; baseline 0.001 -11"><span class='ocrx_word' id='word_1_251' title='bbox 258 1940 294 1974; x_wconf 90' lang='lat' dir='ltr'><strong>id</strong></span> <span class='ocrx_word' id='word_1_252' title='bbox 327 1940 420 1985; x_wconf 87' lang='lat' dir='ltr'><strong>quod</strong></span> <span class='ocrx_word' id='word_1_253' title='bbox 453 1951 522 1974; x_wconf 90' lang='lat' dir='ltr'><strong>non</strong></span> <span class='ocrx_word' id='word_1_254' title='bbox 558 1939 837 1984; x_wconf 89' lang='lat' dir='ltr'><strong>praetermittere</strong></span> <span class='ocrx_word' id='word_1_255' title='bbox 862 1939 983 1980; x_wconf 90' lang='lat' dir='ltr'><strong>velim,</strong></span> <span class='ocrx_word' id='word_1_256' title='bbox 1018 1939 1141 1974; x_wconf 86' lang='lat' dir='ltr'><strong>innata</strong></span> <span class='ocrx_word' id='word_1_257' title='bbox 1167 1939 1319 1984; x_wconf 84' lang='lat' dir='ltr'><strong>quadam</strong></span> <span class='ocrx_word' id='word_1_258' title='bbox 1344 1939 1461 1975; x_wconf 90' lang='lat' dir='ltr'><strong>indole</strong></span> <span class='ocrx_word' id='word_1_259' title='bbox 1487 1940 1604 1975; x_wconf 85' lang='lat' dir='ltr'><strong>omnia</strong></span> 
     </span>
    </p>
   </div>
   <div class='ocr_carea' id='block_1_4' title="bbox 445 2019 615 2024">
    <p class='ocr_par' dir='ltr' id='par_1_8' title="bbox 445 2019 615 2024">
     <span class='ocr_line' id='line_1_34' title="bbox 445 2019 615 2024; baseline 0 0"><span class='ocrx_word' id='word_1_260' title='bbox 445 2019 615 2024; x_wconf 95' lang='lat' dir='ltr'><strong> </strong></span> 
     </span>
    </p>
   </div>
   <div class='ocr_carea' id='block_1_5' title="bbox 265 2020 444 2025">
    <p class='ocr_par' dir='ltr' id='par_1_9' title="bbox 265 2020 444 2025">
     <span class='ocr_line' id='line_1_35' title="bbox 265 2020 444 2025; baseline 0 0"><span class='ocrx_word' id='word_1_261' title='bbox 265 2020 444 2025; x_wconf 95' lang='lat' dir='ltr'><strong> </strong></span> 
     </span>
    </p>
   </div>
   <div class='ocr_carea' id='block_1_6' title="bbox 375 2057 1473 2336">
    <p class='ocr_par' dir='ltr' id='par_1_10' title="bbox 375 2057 1473 2336">
     <span class='ocr_line' id='line_1_36' title="bbox 378 2057 1473 2097; baseline 0 -11"><span class='ocrx_word' id='word_1_262' title='bbox 378 2061 386 2075; x_wconf 93' lang='lat'>¹</span> <span class='ocrx_word' id='word_1_263' title='bbox 408 2057 489 2086; x_wconf 88' lang='lat' dir='ltr'>XIII.</span> <span class='ocrx_word' id='word_1_264' title='bbox 511 2059 557 2087; x_wconf 82' lang='lat'><strong>26.</strong></span> <span class='ocrx_word' id='word_1_265' title='bbox 580 2066 621 2094; x_wconf 87' lang='lat' dir='ltr'><strong>sq.</strong></span> <span class='ocrx_word' id='word_1_266' title='bbox 643 2057 723 2097; x_wconf 39' lang='lat' dir='ltr'><strong>(Rari</strong></span> <span class='ocrx_word' id='word_1_267' title='bbox 744 2057 849 2094; x_wconf 88' lang='lat' dir='ltr'><strong>quippe</strong></span> <span class='ocrx_word' id='word_1_268' title='bbox 870 2057 945 2093; x_wconf 86' lang='lat' dir='ltr'><strong>boni,</strong></span> <span class='ocrx_word' id='word_1_269' title='bbox 968 2066 1084 2085; x_wconf 84' lang='lat' dir='ltr'><strong>numero</strong></span> <span class='ocrx_word' id='word_1_270' title='bbox 1106 2057 1151 2085; x_wconf 84' lang='lat' dir='ltr'><strong>vix</strong></span> <span class='ocrx_word' id='word_1_271' title='bbox 1173 2058 1242 2086; x_wconf 83' lang='lat' dir='ltr'><strong>suut</strong></span> <span class='ocrx_word' id='word_1_272' title='bbox 1262 2057 1381 2086; x_wconf 80' lang='lat' dir='ltr'><strong>totidem</strong></span> <span class='ocrx_word' id='word_1_273' title='bbox 1403 2059 1473 2094; x_wconf 80' lang='lat' dir='ltr'><strong>quot</strong></span> 
     </span>
     <span class='ocr_line' id='line_1_37' title="bbox 650 2102 1315 2142; baseline 0.002 -9"><span class='ocrx_word' id='word_1_274' title='bbox 650 2105 813 2134; x_wconf 85' lang='lat' dir='ltr'><strong>Thebarum</strong></span> <span class='ocrx_word' id='word_1_275' title='bbox 836 2107 934 2142; x_wconf 84' lang='lat' dir='ltr'><strong>portae</strong></span> <span class='ocrx_word' id='word_1_276' title='bbox 955 2105 999 2134; x_wconf 89' lang='lat' dir='ltr'><strong>vcl</strong></span> <span class='ocrx_word' id='word_1_277' title='bbox 1021 2106 1119 2134; x_wconf 91' lang='lat' dir='ltr'><strong>divitis</strong></span> <span class='ocrx_word' id='word_1_278' title='bbox 1140 2106 1214 2135; x_wconf 86' lang='lat' dir='ltr'><strong>ostia</strong></span> <span class='ocrx_word' id='word_1_279' title='bbox 1234 2102 1315 2134; x_wconf 60' lang='lat' dir='ltr'><strong>Nili?</strong></span> 
     </span>
     <span class='ocr_line' id='line_1_38' title="bbox 375 2151 992 2195; baseline -0.002 -12"><span class='ocrx_word' id='word_1_280' title='bbox 375 2157 386 2173; x_wconf 74' lang='lat'>2</span> <span class='ocrx_word' id='word_1_281' title='bbox 407 2155 429 2183; x_wconf 88' lang='grc' dir='ltr'><strong>Ι.</strong></span> <span class='ocrx_word' id='word_1_282' title='bbox 452 2155 496 2183; x_wconf 83' lang='grc'><strong>74.</strong></span> <span class='ocrx_word' id='word_1_283' title='bbox 519 2154 664 2195; x_wconf 51' lang='lat' dir='ltr'><strong>(Probitas</strong></span> <span class='ocrx_word' id='word_1_284' title='bbox 685 2154 822 2183; x_wconf 82' lang='lat' dir='ltr'><strong>laudatur</strong></span> <span class='ocrx_word' id='word_1_285' title='bbox 843 2156 873 2182; x_wconf 87' lang='lat' dir='ltr'><strong>et</strong></span> <span class='ocrx_word' id='word_1_286' title='bbox 893 2151 992 2191; x_wconf 78' lang='lat' dir='ltr'><strong>alget.&#39;</strong></span> 
     </span>
     <span class='ocr_line' id='line_1_39' title="bbox 376 2202 1374 2242; baseline -0.001 -10"><span class='ocrx_word' id='word_1_287' title='bbox 376 2205 387 2221; x_wconf 81' lang='lat'>³</span> <span class='ocrx_word' id='word_1_288' title='bbox 408 2203 430 2231; x_wconf 89' lang='lat'><strong>1.</strong></span> <span class='ocrx_word' id='word_1_289' title='bbox 455 2204 519 2232; x_wconf 86' lang='lat'>147.</span> <span class='ocrx_word' id='word_1_290' title='bbox 540 2212 581 2239; x_wconf 87' lang='lat' dir='ltr'><strong>sq.</strong></span> <span class='ocrx_word' id='word_1_291' title='bbox 604 2202 664 2242; x_wconf 41' lang='lat' dir='ltr'><strong>‘Nil</strong></span> <span class='ocrx_word' id='word_1_292' title='bbox 685 2203 740 2230; x_wconf 90' lang='lat' dir='ltr'><strong>erit</strong></span> <span class='ocrx_word' id='word_1_293' title='bbox 761 2203 891 2238; x_wconf 70' lang='lat' dir='ltr'><strong>ulterius,</strong></span> <span class='ocrx_word' id='word_1_294' title='bbox 913 2202 988 2239; x_wconf 86' lang='lat' dir='ltr'><strong>quod</strong></span> <span class='ocrx_word' id='word_1_295' title='bbox 1010 2203 1116 2231; x_wconf 87' lang='lat' dir='ltr'><strong>nostris</strong></span> <span class='ocrx_word' id='word_1_296' title='bbox 1138 2203 1264 2231; x_wconf 86' lang='lat' dir='ltr'><strong>moribus</strong></span> <span class='ocrx_word' id='word_1_297' title='bbox 1285 2202 1374 2231; x_wconf 80' lang='lat' dir='ltr'><strong>addat</strong></span> 
     </span>
     <span class='ocr_line' id='line_1_40' title="bbox 609 2250 1368 2288; baseline 0.001 -9"><span class='ocrx_word' id='word_1_298' title='bbox 609 2250 777 2287; x_wconf 68' lang='lat' dir='ltr'><strong>Posterstas,</strong></span> <span class='ocrx_word' id='word_1_299' title='bbox 798 2250 894 2280; x_wconf 82' lang='lat' dir='ltr'><strong>eadem</strong></span> <span class='ocrx_word' id='word_1_300' title='bbox 918 2251 1023 2280; x_wconf 84' lang='lat' dir='ltr'><strong>facient</strong></span> <span class='ocrx_word' id='word_1_301' title='bbox 1043 2251 1214 2288; x_wconf 85' lang='lat' dir='ltr'><strong>cupientque</strong></span> <span class='ocrx_word' id='word_1_302' title='bbox 1235 2252 1368 2288; x_wconf 79' lang='lat' dir='ltr'><strong>minores,</strong></span> 
     </span>
     <span class='ocr_line' id='line_1_41' title="bbox 609 2297 1167 2336; baseline 0 -8"><span class='ocrx_word' id='word_1_303' title='bbox 609 2299 699 2328; x_wconf 84' lang='lat' dir='ltr'><strong>Omne</strong></span> <span class='ocrx_word' id='word_1_304' title='bbox 719 2300 749 2328; x_wconf 86' lang='lat' dir='ltr'><strong>in</strong></span> <span class='ocrx_word' id='word_1_305' title='bbox 771 2300 920 2336; x_wconf 83' lang='lat' dir='ltr'><strong>praecipiti</strong></span> <span class='ocrx_word' id='word_1_306' title='bbox 942 2300 1044 2328; x_wconf 88' lang='lat' dir='ltr'><strong>vitium</strong></span> <span class='ocrx_word' id='word_1_307' title='bbox 1066 2297 1167 2329; x_wconf 78' lang='lat' dir='ltr'><strong>stetit.‘</strong></span> 
     </span>
    </p>
   </div>
   <div class='ocr_carea' id='block_1_7' title="bbox 1776 79 1779 595">
    <p class='ocr_par' dir='ltr' id='par_1_11' title="bbox 1776 79 1779 595">
     <span class='ocr_line' id='line_1_42' title="bbox 1776 79 1779 595; baseline 0 0"><span class='ocrx_word' id='word_1_308' title='bbox 1776 79 1779 595; x_wconf 95' lang='lat' dir='ltr'><strong> </strong></span> 
     </span>
    </p>
   </div>
  </div>
 </body>
</html>
