1779 2595
950 109 994 145 16

296 237 368 262 una
401 224 565 262 Cornelia
599 226 678 262 viva
707 230 837 262 terram
870 228 986 263 subiit.
1039 227 1107 263 Sed
1141 238 1254 273 neque
1278 226 1444 270 Plinius‚¹
1474 229 1535 274 qui
1568 240 1640 264 rem

295 286 407 320 fusius
433 289 565 327 narrat,
590 297 702 331 neque
727 286 933 321 Suetonius'
958 285 1112 331 Crispini
1129 286 1337 322 mentionem
1355 286 1510 328 faciunt3
1536 287 1641 323 immo

296 348 417 389 aperte
443 343 566 379 dicunt
590 347 807 389 stupratores
825 344 861 379 in
879 345 1020 380 comitio
1038 344 1084 380 ad
1099 347 1247 382 mortem
1269 356 1388 380 caesos
1411 356 1485 381 esse
1501 348 1641 391 praeter

297 402 529 443 Licinianum,
561 402 621 447 qui
650 402 755 438 exilio
791 403 959 438 multatus
984 406 1046 438 est,
1097 402 1227 438 Tamen
1263 402 1437 438 Iuvenalis
1469 403 1641 439 mendacii

296 460 495 505 arguendus
519 472 590 495 non
616 464 678 496 est.
729 460 821 496 Nam
839 460 881 496 de
899 460 1082 497 Corneliae
1100 464 1222 507 stupro
1247 460 1310 496 illo
1326 461 1426 496 fatali
1450 473 1641 497 sermonem

299 530 370 554 non
398 529 472 554 esse
497 522 595 564 puto,
620 519 680 554 sed
706 519 749 554 de
773 519 890 565 priore
907 519 981 555 eius
998 519 1144 564 virginis
1162 519 1332 554 facinore³
1357 519 1412 554 vel
1429 519 1472 555 de
1488 519 1641 556 facinore

297 577 388 611 alius
418 576 599 621 cuiusdam
627 576 772 622 virginis
800 577 960 613 Vestalis.
1001 577 1092 612 Nam
1109 576 1332 623 participium
1353 577 1442 612 illud
1471 571 1640 613 subitura'

297 646 367 670 non
395 635 508 670 solum
535 635 603 669 vim
629 634 760 670 habere
784 639 899 680 potest
924 646 1027 689 quae
1050 639 1174 681 postea
1198 628 1330 678 subiit’,
1355 635 1415 671 sed
1441 635 1547 671 etiam
1584 635 1640 671 cui

297 693 489 739 periculum
516 692 686 728 subeundi
712 687 939 729 imminebat'.
989 693 1090 729 Hanc
1115 694 1254 739 saepius
1279 692 1409 729 habere
1434 694 1504 728 vim
1530 693 1641 739 parti-

297 752 425 797 cipium
437 751 537 787 docet
551 751 785 793 Heinrichius,
790 754 804 774 ⁴²
827 752 888 797 qui
906 755 1087 797 comparat
1106 751 1163 787 VI.
1179 753 1237 787 44.
1257 745 1457 805 ‘periturus’
1460 780 1467 787 .
1495 752 1641 788 Adulter

297 810 389 844 enim
423 810 459 844 in
494 810 673 844 comoedia
706 821 776 844 non
814 810 921 855 perit,
955 811 1015 845 sed
1047 810 1084 844 in
1119 822 1251 845 summo
1284 810 1440 855 periculo
1472 814 1639 845 versatur

297 867 389 901 Huic
414 867 572 912 exemplo
604 867 733 902 addere
766 867 867 902 velim
901 867 996 902 XIV.
1025 869 1105 902 314
1141 860 1331 920 passurus’
1364 867 1385 901 i.
1412 878 1440 902 e.
1466 867 1640 902 versimile

297 928 349 960 est
375 937 453 960 eum
479 937 665 971 passurum
691 937 765 961 esse
791 929 826 961 et
847 926 939 961 VIII.
958 927 1039 960 267.
1066 907 1272 979 lugendus'‚
1297 925 1334 960 in
1352 937 1421 971 quo
1439 925 1514 961 loco
1532 925 1640 961 inter-

297 983 469 1029 pretando
496 983 696 1025 scholiasta,
722 983 782 1029 qui
809 986 991 1029 nugatur‚⁵
1016 987 1157 1019 auctore
1182 984 1265 1019 olim
1291 983 1396 1019 simili
1421 983 1523 1019 modo
1546 996 1640 1020 erra-

295 1046 370 1077 tum
396 1046 459 1077 est.
512 1042 602 1076 Nam
629 1054 746 1077 servus
768 1042 828 1076 ille
845 1053 867 1077 a
884 1042 1054 1077 matronis
1071 1053 1140 1076 non
1159 1041 1354 1086 lugebatur,
1380 1042 1442 1077 sed
1465 1042 1639 1077 Iuvenalis

295 1100 410 1135 dicere
437 1100 547 1135 voluit
572 1111 650 1135 eum
676 1111 744 1135 non
772 1099 885 1135 minus
912 1099 1057 1145 dignum
1082 1099 1200 1141 fuisse,
1226 1100 1287 1145 qui
1312 1111 1334 1135 a
1351 1100 1520 1135 matronis
1542 1100 1639 1145 luge-

293 1165 404 1201 retur,
432 1170 538 1204 quam
564 1159 679 1204 ipsum
705 1158 864 1193 Brutum.
915 1159 971 1194 Ita
996 1158 1025 1193 si
1051 1158 1117 1193 hoc
1147 1158 1222 1193 loco
1247 1159 1528 1204 interpretamur,
1552 1170 1639 1194 una-

296 1228 454 1261 quaeque
481 1217 634 1252 Vestalis
661 1217 769 1260 virgo,
795 1228 885 1261 quae
902 1217 1071 1252 incestum
1089 1216 1307 1258 admittebat,
1332 1221 1462 1251 terram
1480 1216 1639 1252 subitura

299 1278 384 1309 erat.
436 1273 552 1316 Quare
576 1277 715 1320 poetam
741 1274 934 1319 respexisse
950 1273 997 1309 ad
1015 1273 1198 1309 Corneliae
1223 1276 1381 1319 stuprum
1407 1285 1474 1309 non
1502 1284 1639 1309 necesse

298 1337 359 1368 est.
411 1333 461 1368 De
487 1333 565 1378 ipsa
590 1345 627 1368 re
652 1332 883 1368 dubitandum
910 1332 1048 1368 videtur
1073 1344 1143 1368 non
1169 1343 1254 1374 esse,
1287 1344 1364 1368 cum
1398 1332 1459 1368 illo
1485 1336 1639 1378 tempore

301 1391 499 1426 Vestalium
525 1391 657 1426 incesta
682 1402 785 1435 saepe
810 1391 1103 1436 neglegerentur.⁶

297 1545 417 1575 allowed
449 1545 499 1573 the
528 1545 624 1573 choice
644 1544 676 1573 of
694 1544 791 1573 death.
841 1545 875 1573 A.
896 1544 930 1573 D.
954 1545 988 1574 91
1011 1544 1158 1573 Domitian
1187 1544 1287 1573 buried
1309 1544 1359 1572 the
1380 1544 1478 1573 fourth
1500 1545 1588 1581 alive3
1614 1546 1639 1574 it

297 1604 356 1623 was
377 1593 446 1623 with
469 1593 520 1623 her
544 1593 693 1631 therefore,
722 1592 865 1629 Cornelia,
892 1593 958 1622 that
985 1593 1136 1630 Crispinus
1162 1592 1328 1621 committed
1356 1593 1455 1622 incest.
1495 1592 1555 1622 The
1583 1593 1637 1623 fut.

297 1643 430 1672 subitura
450 1643 476 1671 is
496 1642 609 1679 strictly
630 1644 771 1678 accurate,
798 1651 830 1671 as
858 1642 908 1671 the
936 1642 1043 1671 Dacian
1072 1651 1139 1679 war,
1166 1642 1195 1671 in
1222 1641 1316 1670 which
1337 1641 1447 1670 Fuscus
1475 1641 1539 1671 died
1560 1642 1637 1679 (Juv.

297 1700 355 1720 vor.
379 1691 504 1726 111-2)
526 1690 616 1728 began
639 1691 677 1720 86
697 1690 731 1719 Α.
753 1691 788 1719 D.

416 1751 426 1767 ¹
448 1748 507 1778 Cfr.
529 1748 605 1778 Plin.
626 1757 669 1785 ep.
689 1748 740 1777 IV.
765 1748 809 1777 11.

415 1809 427 1825 2
448 1807 508 1835 Cfr.
530 1807 607 1835 Suet
631 1808 682 1835 vit.
704 1807 787 1835 Dom.
808 1807 833 1835 8.

415 1867 427 1883 ⁸
447 1864 508 1893 Csr.
530 1864 568 1893 ib.
601 1887 607 1893 .
623 1873 755 1894 ..mox
771 1863 942 1899 Corneliam,
965 1863 1119 1892 maximam
1135 1863 1285 1901 virginem,
1306 1862 1515 1892 absolutam
1536 1862 1638 1899 olim

296 1914 360 1942 (lein
382 1913 468 1950 longo
488 1913 641 1941 intervallo
669 1913 819 1949 repetitam
847 1914 934 1948 atque
962 1912 1119 1940 convictam
1147 1911 1242 1940 defodi
1268 1911 1420 1947 imperavit
1447 1913 1639 1947 stupratores-

296 1971 350 1999 que
370 1958 434 1993 etc,y

413 2021 426 2037 ⁴
446 2019 479 2048 In
501 2018 635 2048 editionis
656 2027 724 2047 suae
745 2018 800 2047 vol:
822 2017 860 2047 II
882 2026 949 2055 pag.
973 2017 1037 2047 172
1078 2016 1212 2046 Weidner
1232 2016 1261 2046 in
1283 2016 1405 2046 editione
1425 2017 1517 2046 altera
1537 2025 1639 2054 quam-
1655 2017 1665 2027 ⁰

296 2078 381 2106 quam
404 2068 564 2097 Corneliam
586 2077 641 2096 non
663 2070 760 2104 aperte
780 2067 934 2104 significat,
955 2068 1050 2095 tamen
1072 2065 1107 2095 de
1126 2075 1160 2095 ea
1180 2066 1306 2103 cogitare
1326 2065 1448 2095 videtur.

414 2128 426 2144 ⁵
446 2126 525 2155 Dicit
545 2126 635 2154 enim:
669 2125 819 2154 Vindicius
840 2134 939 2153 servus
959 2125 1008 2162 qui
1030 2124 1169 2153 indicavit
1183 2124 1259 2153 filios
1274 2124 1357 2152 Bruti
1373 2123 1527 2160 Tarquinio
1541 2125 1639 2160 portas

296 2175 370 2205 velle
391 2184 523 2204 reserare.
565 2175 642 2210 Quos
663 2176 745 2211 pater
765 2174 856 2203 securi
878 2174 964 2210 feriit,
986 2183 1099 2202 servum
1120 2175 1217 2202 autem
1240 2174 1274 2201 ut
1287 2174 1511 2201 conservatorem
1528 2172 1639 2209 patriae

297 2233 384 2253 manu
405 2224 486 2252 misit
511 2225 540 2252 et
570 2225 602 2252 ut
628 2223 783 2251 delatorem
805 2222 983 2251 dominorum
1006 2222 1081 2250 cruci
1102 2221 1212 2250 adfixit.
1253 2220 1335 2256 Quod
1361 2220 1468 2249 factum
1490 2222 1638 2249 matronae

297 2268 489 2310 planxerunt.'

414 2332 427 2350 ⁶
447 2330 507 2360 cfr.
530 2330 609 2361 Suet.
630 2330 680 2359 vit.
702 2330 785 2359 Dom.
807 2329 834 2360 8.
