1779 2595
266 642 344 696 Ad
361 658 619 704 investigandos
632 658 735 704 primi
748 661 827 703 post
841 656 921 693 Chr.
937 669 969 691 n.
984 657 1112 692 saeculi
1125 668 1237 692 mores
1250 657 1484 692 Romanorum

150 718 325 762 ingentem
350 716 450 752 nobis
483 716 681 762 suppeditat
705 716 887 751 materiam
912 715 1094 749 Iuvenalis.
1144 714 1233 750 Nam
1260 715 1391 749 nullam
1416 714 1487 750 fere

151 787 234 817 rem,
265 775 337 810 sive
369 775 524 820 privatas
549 778 695 819 spectas,
728 775 800 809 sive
824 773 993 817 publicas,
1028 784 1096 808 non
1123 773 1248 817 tangit,
1274 785 1484 817 quamquam

151 832 323 866 malitiose
355 832 558 876 plerumque
591 835 626 866 et
658 830 836 865 venenatis
869 830 993 864 verbis.
1044 830 1164 874 Neque
1189 830 1336 864 strictim
1363 830 1485 863 adum-

152 889 305 924 bravisse
330 889 541 924 lineamenta
561 888 646 925 satis
660 888 780 931 habet3
807 887 877 930 sed,
904 890 943 923 ut
956 891 1008 923 est
1021 887 1160 923 subtilis
1177 887 1356 923 hominum
1371 887 1485 929 iudex,

151 951 350 983 accuratam
376 948 548 989 vitiorum,
574 948 820 993 nequitiarum,
854 947 1031 988 scelerum,
1063 947 1177 982 rarius
1203 947 1371 981 virtutum
1398 947 1486 982 ima-

151 1006 266 1049 ginem
298 1005 464 1051 depingit.
515 1005 580 1041 Per
617 1005 764 1040 divitum
802 1004 906 1040 aedes
943 1004 1234 1040 circumducimur
1267 1004 1420 1050 legentes
1454 1008 1490 1039 et

151 1063 387 1099 famelicorum
424 1063 604 1105 tabernas3
642 1075 723 1098 mox
759 1063 796 1098 in
833 1074 940 1099 rauco
977 1063 1068 1099 circo
1106 1075 1298 1105 versamur,
1335 1075 1417 1098 mox
1451 1063 1488 1098 in

152 1122 290 1167 templis
324 1122 467 1156 lascivia
498 1121 690 1162 temeratis3
725 1121 869 1156 feminas
904 1121 995 1156 inter
1032 1121 1202 1166 pectinem
1239 1121 1486 1166 speculumque

152 1182 337 1225 occupatas
368 1179 547 1214 visitamus
580 1182 614 1214 et
647 1179 781 1214 nobiles
814 1179 850 1214 in
877 1178 1088 1215 deverticulo
1120 1179 1234 1215 calido
1259 1180 1486 1221 temulentos3

152 1237 241 1272 nihil
259 1237 417 1282 denique,
443 1237 615 1282 quidquid
631 1241 702 1273 tum
723 1238 759 1272 in
777 1249 813 1273 se
829 1237 1039 1273 admittebat
1055 1238 1310 1283 perditissimus
1330 1238 1486 1283 quisque,

152 1295 313 1330 celamur.
363 1295 410 1329 Et
433 1295 671 1340 pinguissimis
696 1295 870 1330 coloribus
888 1296 940 1330 uti
957 1299 1105 1340 poetam,
1132 1295 1329 1341 quicunque
1348 1299 1485 1330 saturas

152 1353 226 1388 eius
251 1353 304 1388 vel
329 1352 456 1388 cursim
481 1353 678 1398 perlegerit,
703 1353 804 1389 facile
829 1353 969 1389 videbit.
1020 1353 1145 1399 Itaque
1167 1366 1209 1389 ex
1227 1354 1387 1389 omnibus
1405 1366 1486 1399 par-

152 1411 245 1446 tibus
269 1411 397 1446 iustam
422 1411 518 1446 illius
548 1411 713 1456 temporis
748 1410 898 1457 effigiem
929 1423 971 1446 ex
1004 1411 1167 1448 Iuvenale
1198 1412 1391 1457 exprimere
1416 1423 1486 1447 non

152 1480 350 1515 possumus;
389 1480 499 1514 neque
531 1469 674 1513 mirum,
708 1469 801 1515 quod
833 1473 962 1506 temere
995 1470 1026 1505 ei
1060 1469 1189 1506 habere
1221 1470 1324 1506 fidem
1351 1471 1417 1505 viri
1450 1471 1486 1505 in

153 1526 421 1572 antiquitatibus
459 1527 691 1562 Romanorum
729 1531 905 1563 versantes
942 1527 1121 1562 dubitant:
1170 1528 1305 1572 neglegi
1343 1532 1487 1573 propter

152 1584 347 1620 ubertatem
379 1585 545 1621 materiae
578 1585 708 1630 nequit,
742 1589 864 1621 auctor
897 1588 1013 1621 tamen
1045 1585 1223 1632 plerisque
1253 1586 1388 1621 videtur
1414 1598 1488 1622 esse

152 1655 277 1688 parum
311 1643 483 1678 idoneus.¹
540 1643 591 1678 De
628 1655 753 1688 magno
791 1644 900 1688 igitur
936 1642 1080 1679 flumine
1111 1644 1298 1689 sumpturi,
1337 1656 1380 1679 ne
1405 1645 1488 1679 limo

152 1700 330 1736 turbatam
345 1700 546 1736 hauriamus
559 1712 697 1746 aquam,
714 1701 906 1736 metuimus.
950 1700 1065 1743 Quare
1081 1701 1178 1737 haud
1195 1713 1488 1747 supervacaneum

153 1770 227 1794 esse
251 1759 375 1804 opinor
400 1758 572 1794 industrie
596 1763 631 1794 et
655 1759 841 1804 diligenter
865 1759 1049 1795 instituere
1082 1759 1125 1795 de
1155 1760 1330 1795 Iuvenalis
1361 1760 1429 1796 fide
1455 1766 1490 1796 et

153 1817 361 1852 auctoritate
386 1817 634 1862 quaestionem.
688 1817 797 1859 Quam
830 1818 895 1853 hoc
926 1818 1045 1853 libello
1071 1818 1117 1853 ad
1142 1821 1273 1853 certum
1306 1818 1409 1853 finem
1434 1831 1489 1854 me

153 1875 397 1920 perducturum
425 1886 498 1910 esse
523 1887 591 1910 non
619 1886 719 1921 spero
745 1897 793 1900 —
819 1875 922 1928 ‘unde
939 1876 1117 1921 ingenium
1134 1888 1200 1922 par
1217 1870 1424 1912 materiae?'
1446 1898 1488 1902 ——-

272 1993 280 2008 ¹
302 1990 458 2019 Buecheler
483 1990 597 2027 quidem
625 1990 859 2032 (‘Philologische
886 1988 1002 2029 Kritik‘,
1034 1992 1266 2029 Rectoratsredc,
1294 1992 1374 2021 Bonn
1405 1994 1491 2029 1878,

153 2048 219 2077 pag.
240 2040 298 2076 26.)
319 2038 389 2067 dicit
408 2038 490 2067 haec:
512 2038 638 2079 (Iuvenal
653 2039 692 2068 ist
705 2039 773 2073 eben
790 2040 900 2069 fiberall
916 2041 1106 2077 Declamator,
1127 2040 1177 2069 der
1191 2040 1238 2069 die
1259 2041 1395 2078 grcllsten
1412 2042 1489 2079 Ziige

154 2098 206 2118 aus
226 2088 348 2125 Spfissen
377 2087 426 2115 der
446 2087 717 2124 Epigrammatiker‚
744 2088 973 2125 Strafpredigten
1001 2088 1052 2117 der
1071 2089 1248 2125 Moralisten,
1275 2098 1328 2118 aus
1357 2090 1488 2118 Buchern

154 2136 213 2166 und
234 2135 450 2165 Schulweisheit
469 2135 565 2171 walth,
586 2134 666 2164 nicht
686 2135 773 2164 sn'sch
795 2145 848 2165 aus
869 2136 932 2166 dem
947 2137 1040 2166 Leben
1062 2137 1158 2174 grem,
1180 2136 1243 2166 dem
1265 2137 1315 2166 der
1335 2137 1416 2175 Zorn,
1438 2138 1491 2167 der

154 2186 250 2215 seinen
272 2185 343 2214 Vere
364 2184 461 2221 schuf‚
488 2184 567 2213 nicht
587 2193 639 2213 aus
660 2183 722 2213 dein
746 2185 854 2213 Hei-zen
876 2185 977 2222 quillt,
1004 2185 1126 2214 sondern
1154 2186 1193 2214 im
1217 2186 1289 2215 Hirn
1310 2186 1371 2215 sich
1394 2187 1489 2221 braut,

154 2235 204 2264 der
224 2235 278 2263 mit
298 2233 350 2262 den
365 2233 483 2268 Jahren,
501 2232 530 2269 je
551 2232 631 2261 mehr
651 2242 681 2261 er
701 2232 755 2261 den
770 2233 895 2262 Vorrath
917 2233 1173 2262 anekdotcnhafter
1188 2233 1415 2263 Geschichtchcn
1430 2235 1489 2263 und

154 2283 320 2312 carikierter
345 2280 530 2311 Sittenbildcr
555 2280 735 2316 aufbraucht,
762 2281 854 2310 seiner
880 2281 1074 2311 rhetorischen
1102 2281 1198 2311 Natur
1225 2283 1254 2311 in
1276 2282 1392 2319 einiger
1413 2283 1490 2312 Red-

154 2330 289 2368 seligkeit
309 2330 389 2360 desto
409 2330 528 2360 freieren
551 2329 627 2359 Laus
644 2325 735 2358 least?

1298 2390 1312 2419 1
