1779 2595
939 125 986 161 20

290 252 326 277 se
351 253 420 277 non
447 241 695 287 appellavisset
714 246 905 296 ‘tamquam
923 247 1103 289 parentem
1121 242 1269 279 alterum
1288 247 1429 280 nostrae
1446 237 1631 290 puellae'13

289 300 438 346 denique
456 300 713 342 Quintilianum
740 301 913 337 rhetorem
941 313 981 337 eo
1007 306 1172 347 tempore,
1199 314 1268 348 quo
1286 303 1422 338 Plinius
1448 303 1630 349 epistolam

288 359 387 394 illam
414 359 554 405 scripsit
567 361 589 401 ²,
623 360 692 395 iam
725 364 901 395 mortuum
927 360 1035 396 fuisse
1060 360 1247 397 verisimile
1272 366 1325 397 est
1385 362 1508 408 ltaque
1533 363 1632 398 Iuve-

287 418 378 451 nalis
404 421 439 452 et
464 418 601 452 Plinius
627 429 697 453 non
726 418 819 453 inter
844 430 881 454 se
907 422 1115 464 repugnant.

784 533 855 569 Sat.
884 534 977 568 VIII.
1005 535 1062 569 39.
1089 545 1139 579 sq.

522 619 586 660 (His
606 629 659 657 ego
681 628 765 657 quem
789 620 908 649 monui?
928 620 1035 649 Tecum
1056 622 1101 649 est
1121 620 1193 650 mihi
1215 630 1316 658 sermo,
1339 620 1456 650 Rubelli

523 667 647 704 Blande3
669 671 763 697 tumes
784 668 844 698 alto
865 669 1025 698 Drusorum
1046 671 1199 699 stemmate
1219 671 1366 706 tamquam

522 716 636 745 Feceris
656 717 717 753 ipse
738 716 857 753 aliquid,
878 718 994 754 proptor
1014 717 1089 754 quod
1111 717 1215 746 nobilis
1236 726 1323 755 esses,

522 764 564 793 Ut
583 766 612 793 te
632 765 799 801 conciperet,
820 774 893 801 quae
913 765 1054 802 sanguine
1075 765 1169 803 fulget
1190 765 1257 803 Iuli,
1279 788 1286 795 .
1307 789 1313 795 .
1335 769 1351 795 .'

403 842 468 876 His
494 845 528 876 et
553 841 840 877 antecedentibus
866 842 1022 877 versibus
1039 843 1215 877 Iuvenalis
1232 843 1440 888 perstringit
1457 844 1630 879 hominem

285 900 447 940 inertem,
481 899 673 934 maioribus
707 899 916 944 superbum,
948 899 1149 936 Rubellium
1175 900 1358 936 Blandum.
1410 900 1485 942 Quo
1519 902 1630 946 magis

286 969 342 992 res
367 961 497 1002 pateat,
524 957 616 992 addo
642 961 796 992 stemma.

768 1044 919 1082 Augustus

482 1114 614 1141 Tiberius
1090 1114 1202 1142 Drusus

697 1180 885 1210 Germanicus
1155 1218 1160 1224 ι
1296 1162 1401 1210 Lm

680 1229 854 1266 (Agrippina
868 1230 903 1266 Ι.)
1283 1230 1418 1266 (Drusus)

676 1306 839 1344 Agrippina
860 1306 899 1336 II.
1308 1269 1384 1336 Iulia

702 1354 866 1393 (Claudius)
1188 1355 1352 1392 (Rubellius
1372 1355 1513 1392 Blandus)

742 1395 819 1462 Ngro
1204 1395 1356 1462 Rubelliusl
1376 1432 1500 1462 Plautus

400 1511 472 1547 Nos
507 1511 647 1557 quidem
674 1511 833 1546 novimus
861 1510 1060 1546 Rubellium
1086 1510 1280 1553 Blandum,
1315 1511 1478 1546 maritum
1510 1512 1630 1547 Iuliae.

283 1571 349 1606 Sed
384 1570 430 1605 ad
463 1582 540 1606 eum
571 1582 640 1605 non
668 1569 821 1615 quadrat
847 1569 936 1604 illud
964 1569 1049 1623 ‘alto
1076 1569 1270 1604 Drusorum
1297 1562 1490 1605 stemmate'
1517 1581 1629 1615 neque

282 1633 333 1682 (ut
367 1633 401 1663 te
435 1628 648 1673 conciperet,
684 1639 775 1673 quae
809 1627 980 1672 sanguine
1015 1627 1124 1672 fulget
1150 1620 1258 1661 Iuli‘ss.
1316 1627 1407 1662 Huic
1431 1627 1568 1662 Blando
1595 1632 1630 1663 et

282 1688 393 1722 Iuliae
431 1686 523 1722 filius
556 1690 633 1721 erat
665 1686 849 1721 Rubellius
884 1686 1040 1721 Plautus.
1098 1685 1152 1720 Ad
1186 1697 1262 1720 eum
1297 1686 1431 1727 omnia,
1463 1697 1553 1731 quae
1587 1686 1630 1721 de

281 1757 407 1789 genere
440 1749 543 1790 poeta
577 1745 681 1784 dicit,
718 1745 849 1789 optime
882 1744 1103 1778 conveniunt.
1156 1744 1280 1787 Itaque
1313 1744 1384 1778 iam
1410 1743 1549 1788 Lipsius
1583 1744 1629 1778 ad

281 1803 361 1839 Tac.
396 1815 477 1838 ann.
514 1802 609 1838 XIII.
649 1804 703 1837 19.
740 1802 938 1837 adnotavit:
978 1802 1061 1855 KIuv.
1090 1801 1183 1836 VIII.
1212 1802 1268 1836 39.
1296 1801 1431 1847 corrige
1457 1794 1629 1855 ‹Plaute'f

281 1862 438 1906 Lipsium
465 1862 574 1906 igitur
600 1862 759 1905 plerique
785 1861 894 1895 secuti
913 1865 1002 1895 sunt.
1046 1860 1248 1904 Rupertius‚
1275 1872 1489 1904 quamquam
1507 1860 1630 1895 scribit

281 1912 450 1971 ‹Blandess
476 1922 591 1953 tamen
619 1917 725 1953 verba
751 1917 836 1952 facit
858 1918 900 1952 de
919 1929 958 1951 eo
978 1918 1063 1958 viro,
1090 1928 1191 1961 quem
1210 1928 1252 1951 ex
1269 1916 1390 1951 Tacito
1408 1916 1472 1951 sub
1490 1917 1629 1951 nomine

400 2057 409 2072 ¹
431 2054 508 2084 Plin.
530 2054 549 2083 l.
572 2063 595 2082 c.

397 2106 408 2122 ²
429 2103 590 2133 Secundum
619 2103 744 2132 Keilinm
774 2103 817 2140 (O.
847 2102 935 2131 Plinii
964 2101 1082 2131 Caecilii
1110 2100 1231 2131 Secundi
1264 2100 1450 2138 epistolarum
1479 2100 1546 2130 libri
1573 2100 1627 2137 IX)

277 2154 348 2183 haec
368 2154 498 2190 epistola,
520 2154 596 2181 sicut
616 2162 713 2181 omnes
734 2153 860 2181 eiusdem
884 2152 960 2188 libri,
982 2152 1144 2188 conscripta
1164 2153 1208 2180 est
1229 2160 1304 2180 anno
1323 2151 1387 2181 106.
1408 2150 1452 2179 vel
1477 2151 1540 2180 107.
1562 2152 1626 2187 post

278 2203 347 2230 Chr.
369 2204 429 2230 nat.

394 2252 406 2268 ²³
428 2250 486 2279 Cfr.
503 2249 565 2279 Tac.
583 2259 648 2279 ann.
665 2249 714 2279 VI.
730 2251 775 2279 27.
804 2249 869 2289 [rot
893 2248 1019 2277 luctibus
1040 2248 1155 2276 funesta
1175 2247 1292 2276 civitate
1316 2256 1384 2284 pars
1405 2246 1540 2275 maeroris
1561 2245 1627 2283 fuit,

276 2299 351 2335 quod
374 2299 464 2334 Iulia,
492 2299 579 2327 Drusi
609 2299 683 2330 filia,
710 2298 853 2334 quondam
875 2298 997 2326 Neronis
1027 2307 1112 2333 uxor,
1141 2296 1275 2333 denupsit
1302 2296 1330 2323 in
1363 2295 1478 2323 domum
1500 2294 1626 2324 Rubellii

278 2346 392 2383 Blandi,
414 2347 495 2375 cuius
516 2356 600 2375 avum
624 2346 781 2381 Tiburtem,
803 2347 926 2382 equitem
950 2345 1120 2378 Romanum,
1142 2344 1270 2381 plerique
1291 2342 1497 2372 meniinerant.¹
