1779 2595
771 65 817 99 23

125 184 186 217 est.
239 181 502 227 Suspicio'vero
522 181 699 217 Weidneri
725 180 900 216 Blandum
925 179 1037 216 filium
1062 191 1136 215 esse
1162 180 1320 225 spurium
1338 180 1463 214 Plauto

124 251 167 275 ex
195 239 387 285 Agrippina
419 242 569 279 natum1‚
602 239 812 274 testimoniis
847 250 915 274 non
951 239 1063 273 solum
1088 242 1201 279 earet,
1233 237 1293 273 sed
1320 249 1463 282 prorsus

123 297 235 332 futilis
269 301 330 333 est.
396 297 505 332 Filius
539 297 657 332 Plauti
692 297 759 333 hoe
794 297 869 333 loeo
903 297 1035 342 signari
1070 296 1210 332 omnino
1246 308 1315 331 non
1348 298 1464 341 potest

123 359 266 401 propter
292 355 462 390 rationem
488 359 692 401 temporum.
745 355 841 397 Quae
867 355 1031 390 Weidner
1062 355 1148 390 dicit
1173 354 1218 389 ad
1245 367 1274 389 v.
1304 356 1359 395 71,
1387 355 1463 389 722

122 412 212 448 falsa
244 416 334 449 sunt.
391 413 481 448 Nam
514 413 678 454 Plautus,
712 417 751 448 ut
786 425 893 459 supra
925 413 1090 455 vidimus,
1123 416 1205 447 ante
1238 424 1368 447 annum
1402 414 1458 447 33.

122 474 226 506 natus
252 482 322 507 non
348 475 409 507 est.
458 471 549 516 Quid
576 471 670 518 quod
695 471 770 518 ipse
795 471 905 507 Nero3
931 471 974 508 de
1000 464 1164 525 ‘iuventa’
1191 471 1266 506 eius
1291 470 1457 516 loquitur.

122 529 233 565 Filius
259 533 376 565 autem
390 557 398 572 ,
433 530 462 565 si
488 542 591 576 quem
617 530 759 572 habuit,
790 542 877 576 puer
901 529 1006 565 fuerit
1031 541 1168 566 neeesse
1193 533 1246 565 est
1270 541 1459 575 paucorum

121 599 313 628 annorum,
344 599 422 621 cum
447 587 540 622 Nero
565 588 678 632 periit.
731 588 785 622 Ad
811 588 904 623 hunc
929 587 1035 622 verba
1060 591 1182 632 poetae
1208 591 1364 632 spectare
1390 599 1459 622 non

121 648 277 691 possunt.
328 645 460 681 Flaviis
485 649 601 681 autem
627 645 880 692 imperantibus
905 645 963 681 vix
989 645 1175 691 quisquam
1201 648 1277 680 erat
1317 643 1460 680 inflatus

120 704 312 749 plenusque
342 703 479 739 Nerone
510 698 731 749 propinquo’.
790 704 951 749 Denique
982 704 1099 739 obstat
1125 703 1310 739 Weidnero
1344 716 1374 738 v.
1404 706 1459 739 71.

121 773 234 815 quem
263 761 362 797 nobis
387 761 505 797 fama
531 761 717 808 superbum
743 755 875 798 tradit'.
917 761 1091 798 Iuvenalis
1113 761 1203 797 enim
1222 761 1329 806 prius,
1355 773 1458 807 quam

119 820 237 856 Plauti
262 819 356 855 filius
381 821 521 856 omnino
547 821 644 857 nasci
670 821 793 867 potuit,
818 824 882 856 aut
904 824 995 856 certe
1021 820 1139 856 eodem
1164 823 1329 866 tempore,
1354 823 1459 855 natus

119 882 181 913 est.
232 879 356 923 Itaque
381 878 558 913 Weidneri
585 879 771 924 explicatio
796 878 887 914 falsa
913 882 974 913 est.

236 936 382 977 Eodem,
408 948 477 981 quo
495 936 668 978 Weidner,
686 948 801 972 errore
819 936 1007 972 obstrictus
1025 939 1077 971 est
1093 935 1245 982 May0r4.
1284 936 1458 971 Blandum

118 994 170 1028 ait
195 1005 268 1028 esse
293 993 405 1028 filium
431 994 558 1035 Plauti,
584 1007 614 1029 v.
641 996 698 1029 42.
725 1006 802 1030 eum
827 994 992 1030 confundi
1019 1006 1097 1029 cum
1122 997 1231 1039 patre.

236 1051 418 1096 Equidem,
449 1052 530 1097 quia
556 1052 647 1087 Iulia
672 1056 783 1087 mater
808 1052 882 1087 eius
907 1055 970 1093 est,
996 1051 1039 1087 de
1064 1063 1133 1097 quo
1159 1052 1287 1096 agitur,
1313 1054 1348 1087 et
1373 1051 1457 1096 quia

117 1113 241 1154 poetae
268 1109 371 1144 verba
396 1109 443 1145 ad
468 1122 586 1151 unum,
613 1122 715 1155 quem
732 1122 795 1145 nos
813 1110 953 1155 quidem
971 1110 1139 1151 novimus,
1163 1108 1275 1144 filium
1292 1109 1457 1144 Plautum

117 1167 292 1213 pertinere
318 1167 460 1203 minime
486 1171 641 1213 possunt,
668 1167 758 1203 nihil
784 1168 955 1213 reliquum
982 1179 1055 1204 esse
1080 1170 1176 1213 puto,
1202 1179 1308 1213 quam
1330 1171 1370 1202 ut
1386 1179 1457 1203 ser-

117 1236 253 1260 monem
291 1236 365 1260 esse
403 1229 598 1261 statuamus
636 1226 679 1261 de
711 1226 819 1261 fratre
853 1226 979 1261 Plauti.
1045 1227 1159 1271 Atque
1191 1225 1301 1261 frater
1338 1226 1455 1260 Plauti

117 1287 406 1320 commemoratur
431 1284 526 1330 apud
553 1285 749 1326 Orellium⁵‚
776 1296 874 1320 soror
899 1284 995 1330 aqud
1012 1284 1241 1321 HenzenumG.
1287 1284 1387 1328 Quod
1412 1284 1455 1319 de

116 1410 208 1438 lichen
231 1410 317 1439 Sinne
343 1411 448 1439 konnte
469 1420 499 1439 er
520 1411 566 1439 fiir
587 1412 682 1440 seinen
704 1411 803 1440 Zweck
824 1411 876 1440 das
897 1412 1042 1448 concipere
1063 1413 1091 1439 te
1112 1411 1185 1440 auch
1208 1420 1260 1439 von
1283 1411 1332 1439 dor
1354 1411 1457 1440 Gross-

116 1459 223 1487 mutter
244 1458 294 1487 des
316 1458 444 1487 Blandus
464 1456 664 1496 gebrauchen.

234 1507 347 1536 ¹Nihil
374 1507 475 1536 afferre
501 1509 595 1544 potest
620 1508 675 1537 nisi
703 1508 767 1537 'l'.ac
795 1508 952 1537 X111.19.
1013 1531 1019 1537 .
1071 1507 1291 1537 ,ἀθείίηεινὶεεε
1317 1516 1378 1536 eam
1405 1508 1454 1544 (sc.

117 1555 319 1592 Agrippinam)
341 1556 506 1584 Rubellium
529 1556 683 1593 Plautum
712 1566 761 1593 per
788 1558 946 1585 maternam
968 1557 1106 1593 originem
1129 1557 1191 1593 pali
1212 1566 1245 1585 ac
1265 1557 1341 1585 Nero
1362 1556 1455 1594 gradu

114 1612 131 1631 a
152 1603 218 1631 divo
239 1604 386 1640 Augusto
414 1603 451 1632 ad
479 1613 523 1632 res
550 1613 639 1633 novas
665 1604 799 1633 extollere
827 1605 1016 1641 coniugioque
1042 1605 1103 1633 eius
1130 1607 1159 1633 et
1179 1605 1235 1633 iam
1258 1605 1376 1641 imperio
1396 1614 1454 1633 rem

114 1651 259 1688 publicam
280 1660 379 1680 rursus
400 1648 553 1681 invadere.

231 1701 243 1718 2
263 1700 340 1728 Dicit
366 1701 456 1729 enim:
489 1701 559 1741 (Ans
585 1701 676 1730 dieser
697 1701 785 1730 Stelle
810 1702 850 1730 ist
875 1701 955 1731 nicht
982 1711 1018 1730 zu
1045 1701 1215 1738 schliessen,
1243 1701 1310 1731 dass
1336 1702 1455 1731 Iuvenal

114 1746 166 1775 den
183 1747 335 1776 Rubellius
358 1748 487 1777 Blandus
508 1750 562 1777 mit
584 1749 733 1778 Rubellius
754 1749 878 1779 Plautus
903 1752 986 1779 untor
1007 1750 1083 1779 Nero
1104 1750 1288 1779 verwechselt
1308 1751 1369 1779 hat.
1410 1751 1455 1779 Im

114 1794 300 1833 Gegentheil:
329 1798 436 1825 unter
456 1797 551 1826 Nero
579 1806 652 1826 war
673 1798 829 1827 Plautus
858 1798 940 1827 kein
968 1799 1116 1827 iuvenis
1143 1799 1259 1835 mehr,
1287 1799 1362 1828 wohl
1389 1799 1457 1828 aber

113 1844 172 1872 sein
194 1844 271 1873 Sobn
294 1842 441 1875 Blandus?

230 1894 242 1910 ³
263 1892 321 1922 Cfr.
344 1893 410 1923 Tac.
433 1903 498 1924 ann.
520 1894 599 1924 XIV.
623 1895 668 1923 22.
691 1895 771 1936 (Esse
791 1895 835 1924 illi
857 1896 907 1933 (sc.
922 1896 1040 1933 Plauto)
1061 1905 1112 1934 per
1126 1897 1225 1926 Asiam
1246 1897 1339 1925 avitos
1360 1906 1454 1935 agros,

112 1940 141 1968 in
163 1940 267 1977 quibus
288 1943 353 1970 tuta
373 1944 402 1970 et
422 1942 571 1971 inturbida
591 1943 747 1973 iuventa
767 1941 931 1974 frueretur.‘

229 1991 241 2007 ⁴
262 1989 322 2018 Cfr.
350 1998 422 2026 quae
450 1990 520 2019 dicit
546 1991 646 2028 Mayor
666 1991 703 2020 ad
724 2001 750 2021 v,
771 1994 818 2022 39.
860 2016 877 2033 ί.
900 2016 906 2022 .
930 2016 936 2022 .
957 1993 1018 2022 One
1046 2003 1095 2022 son
1126 1994 1175 2029 (sc.
1198 1994 1308 2030 Plauti)
1335 2004 1456 2031 appears

112 2038 156 2072 (as
177 2046 235 2065 was
256 2037 350 2074 usual)
377 2039 407 2066 to
433 2038 506 2067 have
526 2039 659 2068 assumed
680 2040 726 2068 his
747 2040 960 2077 grandfather's
980 2051 1154 2078 cognomen,
1181 2042 1237 2071 and
1258 2043 1286 2071 in
1307 2043 1455 2072 Juvenal's

112 2086 181 2114 time
208 2087 238 2114 to
265 2086 337 2115 have
356 2086 424 2116 been
446 2087 593 2116 notorious
614 2087 658 2117 for
678 2088 724 2117 his
744 2088 825 2125 pride
845 2089 876 2118 of
895 2086 992 2120 birth?
1033 2090 1078 2120 Id.
1099 2090 1136 2120 ad
1157 2100 1183 2120 v.
1205 2091 1251 2120 42.
1293 2092 1453 2132 (Rubellius

111 2133 235 2162 Plautus
256 2134 304 2162 the
325 2134 430 2171 father,
453 2135 515 2163 who
537 2144 595 2163 was
615 2136 664 2164 the
684 2145 734 2164 son
756 2136 787 2165 of
799 2137 888 2173 Julia,
909 2138 935 2166 is
956 2138 1023 2166 here
1043 2138 1214 2167 confoundet
1235 2139 1305 2167 with
1323 2140 1368 2167 his
1383 2141 1453 2169 son.³

229 2184 241 2200 ⁵
261 2182 321 2212 Cfr.
343 2182 426 2212 inser.
449 2184 515 2214 678.
569 2183 778 2214 COMMVNIO
801 2185 936 2214 VERNA
957 2185 966 2222 ΙΙ
988 2185 1190 2215 ΑΝΤΟΝΙΑΕ
1212 2187 1423 2217 AVGVSTAE
1445 2184 1455 2222 Η

111 2230 145 2259 V.
168 2231 202 2259 A.
223 2231 262 2259 11.
284 2231 370 2260 MEs.
392 2232 427 2261 x,
449 2231 458 2269 Η
479 2232 729 2262 COLLACTEVS
751 2233 871 2262 DRVSI
891 2233 900 2271 ιι
921 2234 1070 2263 BLANDI
1094 2235 1127 2264 F.

229 2280 240 2298 ⁶
261 2278 321 2310 Cfr.
343 2280 426 2310 inser.
449 2281 534 2312 5395.
