1779 2595
777 80 823 114 25

131 194 252 240 inique
276 198 439 236 recenset,
465 195 535 237 sed,
561 195 645 241 quia
670 198 723 231 tot
748 195 906 231 homines
929 199 1003 230 tum
1021 206 1141 231 revera
1157 194 1240 229 mali
1258 197 1368 235 erant,
1394 193 1472 230 ideo

130 253 168 288 in
200 253 398 299 opinionem
432 254 560 290 malam
594 254 780 290 discessit'.
831 254 955 299 Itaque
979 253 1155 288 Iuvenalis
1189 264 1336 288 censura
1369 252 1472 287 nimis

130 312 221 347 acris
257 324 326 347 non
360 313 555 358 comparari
591 316 706 358 potest
739 325 816 348 cum
850 316 1032 358 poetarum
1066 311 1285 358 quorundam
1321 311 1471 357 querelis

130 369 274 415 ineptis,
307 371 343 405 in
371 383 458 416 quas
484 371 526 406 de
553 371 624 406 vita
650 372 753 407 beata
787 371 1010 416 desperantes
1035 369 1209 406 diffluunt.
1261 370 1327 405 Sed
1353 369 1472 414 utique

133 427 300 463 iudicium
326 428 487 474 iniquum
513 429 603 464 facit.

249 487 367 522 Altera
384 499 489 523 causa
506 499 548 522 ex
565 487 690 523 studiis
708 487 889 523 rhetoricis
907 486 1058 533 petenda
1075 490 1136 522 est.
1186 486 1283 531 Quod
1303 485 1471 521 traditum

130 548 197 586 est,
236 557 313 580 eum
343 546 390 580 ad
416 546 564 581 mediam
590 546 663 582 fere
688 550 838 581 aetatem
863 546 1111 581 declamavisse
1136 545 1212 591 (cfr.
1240 545 1364 590 vitae),
1398 545 1472 590 ipse

128 602 259 639 fatetur
292 604 317 639 1.
349 606 403 639 15.
432 617 501 651 sq.;
546 616 656 650 neque
697 608 737 640 ut
767 604 831 640 tali
865 604 980 640 studio
1012 604 1184 645 imbutus,
1224 615 1300 639 cum
1334 607 1471 639 saturas

129 662 280 697 scribere
306 664 484 708 coepisset,
510 664 695 708 pristinam
721 663 1006 698 consuetudinem
1033 675 1101 697 non
1126 667 1290 705 servaret,
1317 662 1391 697 fieri
1410 675 1470 707 po-

128 719 206 754 tuit.
260 721 289 755 A
316 721 487 763 moribus,
521 734 564 757 ne
590 721 704 757 dicam
730 721 841 763 vitiis,
877 721 1036 762 scholae,
1070 721 1168 756 cuius
1194 721 1230 755 in
1257 720 1471 755 umbraculis

128 781 182 813 tot
216 790 278 823 per
303 791 412 814 annos
438 779 638 821 desudavit,
670 792 709 815 eo
735 779 912 815 difficilius
938 779 1114 815 discedere
1140 779 1255 820 licuit,
1290 779 1383 824 quod
1409 779 1471 813 illo

129 840 283 882 tempore
308 837 524 873 eruditorum
550 837 743 873 assensioni
768 837 1028 873 accommodata
1053 841 1129 872 erat
1154 837 1271 882 gravis
1297 837 1471 883 quaedam

129 898 164 929 et
189 894 348 930 sublimis
374 895 490 930 dictio.
541 896 655 941 Atque
685 899 804 941 aperte
835 899 1147 931 commemorantur
1179 895 1471 930 declamationum

128 956 334 996 argumenta
368 954 394 988 Ι.
433 955 507 995 16.,
535 954 612 989 VII.
642 955 728 995 115,
766 955 853 995 151,
887 955 973 995 161,
1011 955 1109 995 169.‚
1144 954 1238 989 VIII.
1277 954 1372 994 81.2;
1411 953 1471 988 sed

127 1011 241 1047 nescio
274 1023 319 1046 an
352 1011 455 1058 plura
488 1015 521 1047 et
553 1012 688 1048 occulta
722 1012 868 1058 vestigia
892 1015 1044 1054 exstent,
1089 1023 1179 1058 quae
1218 1012 1338 1047 furtim
1370 1011 1471 1057 quasi

127 1069 339 1114 irrepserint.
394 1070 492 1105 Certe
526 1071 691 1116 quoniam
722 1074 832 1105 totum
871 1070 1044 1106 scribendi
1083 1082 1192 1115 genus
1225 1070 1361 1105 artibus
1391 1070 1471 1104 rhe-

128 1128 247 1164 toricis
263 1128 427 1164 infectum
442 1133 503 1171 est,
517 1129 647 1165 multae
661 1129 866 1165 statuendae
880 1133 962 1165 sunt
975 1129 1158 1165 verborum
1172 1128 1469 1175 exaggerationes.

246 1245 340 1280 Haec
365 1245 402 1279 in
428 1245 626 1279 universum
652 1244 799 1279 dicenda
817 1256 890 1279 esse
909 1245 1118 1280 videbantur
1135 1245 1178 1280 de
1196 1245 1466 1290 descriptionum

128 1303 431 1339 Iuvenalianarum
466 1306 594 1339 natura
626 1307 660 1339 et
693 1303 848 1339 veritate.
900 1303 1001 1339 Nunc
1035 1315 1171 1350 usque
1204 1316 1287 1350 quo
1320 1304 1365 1339 in
1400 1315 1470 1339 re-

128 1362 328 1397 ferendis
346 1363 482 1397 rebus
499 1363 640 1397 certis
658 1375 679 1397 a
699 1374 796 1397 vero
814 1363 1086 1404 abducatur,
1107 1364 1286 1397 nonnullis
1304 1364 1469 1407 exemplis

129 1420 393 1456 consideremus.
448 1421 563 1466 Atque
596 1420 680 1466 quin
706 1432 820 1455 rerum
846 1420 1032 1456 inscientia
1057 1432 1126 1456 non
1153 1420 1297 1462 laboret,
1323 1420 1468 1456 dubium

128 1491 202 1515 esse
236 1480 378 1525 nequit,
411 1491 489 1515 cum
520 1480 556 1514 in
582 1480 698 1525 priore
723 1484 921 1515 saturarum
947 1484 1046 1525 parte
1072 1481 1223 1525 exceptis
1249 1480 1468 1525 paucissimis

247 1628 256 1642 ¹
278 1625 337 1654 Cfr.
366 1634 438 1661 quae
464 1625 535 1653 dicit
563 1625 685 1653 Schiller
713 1627 808 1653 nostor
834 1625 862 1652 in
890 1625 1137 1653 commentationis
1170 1626 1272 1665 (Ueber
1305 1626 1385 1654 naive
1412 1627 1468 1654 und

128 1672 388 1701 sentimentalische
416 1669 572 1708 Dichtung⁷
600 1675 700 1709 parte,
728 1681 801 1709 quae
828 1672 994 1701 inscribitur
1014 1672 1180 1714 (Satirische
1201 1670 1366 1710 Dichtung‘.
1407 1674 1469 1715 ζῘ)ἰε

127 1721 306 1757 pathetische
328 1721 420 1750 Satire
441 1730 520 1749 muss
541 1721 602 1750 also
620 1720 759 1758 jederzeit
778 1730 830 1750 aus
850 1721 941 1749 einein
963 1721 1104 1750 Gemi'ithe
1125 1722 1251 1757 fliessem
1274 1722 1393 1751 welches
1416 1732 1468 1751 von

129 1769 193 1797 dein
215 1769 310 1798 Ideale
337 1769 448 1798 lebhaft
469 1769 689 1806 durchdrungen
713 1770 759 1798 ist.
796 1769 859 1798 Nur
880 1770 924 1797 ein
947 1770 1149 1798 herrsehender
1171 1770 1254 1798 Trieb
1275 1771 1346 1799 nach
1362 1771 1470 1799 Ueter-

128 1818 336 1854 einstimmung
362 1817 439 1846 kann
466 1817 524 1845 und
551 1817 618 1846 darf
638 1817 718 1854 jenes
743 1817 810 1846 tiefe
831 1817 938 1846 Gefiihl
965 1818 1149 1846 moralischer
1170 1818 1391 1855 Widerspriiche
1412 1819 1469 1847 und

125 1866 208 1902 jenen
230 1865 392 1902 gli'ihenden
414 1866 557 1894 Unwillen
585 1874 677 1902 gegen
700 1865 869 1893 inoralische
892 1866 1095 1894 Verkehrtheit
1115 1875 1272 1902 erzeugen,
1300 1867 1419 1895 welcher
1440 1868 1468 1894 in

126 1914 216 1941 einem
237 1913 371 1950 1uvenal,
402 1913 503 1950 Swift,
534 1914 695 1949 Rousseau,
728 1913 827 1941 Hallei·
855 1913 913 1941 und
933 1913 1066 1942 Anderen
1088 1923 1139 1942 zur
1160 1914 1367 1951 Begeisterung
1390 1915 1468 1944 wird.

127 1962 181 1990 Die
203 1962 362 1990 niimlichen
385 1962 504 1990 Dichter
532 1961 646 1990 wiirden
669 1953 876 1990 und'mfissten
898 1962 953 1990 mit
973 1962 1135 1991 demselben
1157 1962 1248 1991 Gliick
1270 1963 1342 1991 auch
1364 1964 1392 1991 in
1415 1963 1466 1991 den

125 2010 285 2039 riihrenden
308 2010 365 2039 und
387 2010 542 2039 ziirtlichen
565 2009 732 2048 Gattungen
754 2010 901 2048 gedichtet
922 2010 1030 2047 haben,
1052 2020 1129 2039 wenn
1153 2011 1232 2040 nicht
1253 2012 1392 2049 zufallige
1415 2012 1468 2041 Ur-

126 2059 229 2088 sachen
256 2059 347 2088 ihren}
369 2058 496 2087 Geiniith
522 2059 604 2087 friihe
632 2058 707 2088 diese
736 2059 899 2088 bestimmte
920 2059 1070 2097 Richtung
1096 2060 1222 2097 gegeben
1250 2060 1367 2096 hatten3
1395 2061 1468 2089 auch

126 2107 218 2136 haben
246 2108 287 2136 sie
313 2116 342 2136 es
370 2117 435 2136 zum
463 2107 544 2136 Theil
573 2107 701 2136 wirklich
730 2107 848 2144 gethan.
899 2107 963 2136 Allo
990 2107 1035 2136 die
1063 2108 1124 2137 hier
1151 2111 1312 2145 genannten
1342 2109 1466 2137 lebten

126 2155 310 2185 entweder
350 2156 385 2185 in
427 2156 540 2185 einem
583 2157 850 2193 ausgearteten
885 2155 1067 2185 Zeitalter
1108 2156 1179 2185 und
1220 2157 1351 2186 hatten
1392 2158 1468 2186 eine

126 2204 417 2233 schauderhafte
444 2204 664 2241 Erfahrung
694 2204 937 2233 moralischer
964 2204 1205 2233 Verderbniss
1232 2214 1295 2234 vor
1323 2206 1468 2243 Augen,

126 2252 193 2282 odor
213 2253 311 2290 eigene
332 2252 496 2282 Schicksale
517 2252 619 2282 hatten
641 2252 795 2281 Bitterkeit
814 2252 843 2281 in
864 2251 926 2282 ihre
947 2252 1025 2282 Seele
1046 2249 1194 2290 gest1·eut.‘

244 2304 256 2320 2
276 2301 334 2331 Csr.
357 2301 498 2338 Madvigii
519 2310 614 2337 opusc.
635 2300 761 2330 academ.
782 2300 814 2330 T.
828 2301 851 2330 1.
873 2310 939 2338 pag.
955 2302 1000 2330 45.
