1779 2595
730 93 773 128 17

579 211 650 247 Sat.
677 210 755 247 VII.
783 211 839 245 82.
865 221 915 255 sq.

329 289 473 331 ‘Curi-itur
493 288 530 318 ad
551 297 645 318 vocem
672 288 825 318 iucundam
845 290 875 317 et
895 295 1008 317 carmen
1037 286 1145 315 amicae

329 337 499 375 Thebaidos,
519 338 624 367 laetam
645 346 710 367 cum
731 336 799 366 fecit
818 336 930 366 Statius
951 335 1049 364 urbem

329 386 522 424 Promisitque
542 386 633 416 diem:
659 387 742 415 tanta
762 385 911 414 dulcedine
931 386 1030 421 captos

328 435 427 464 Afficit
445 435 494 464 ille
514 435 634 472 animo&
654 436 793 472 tantaque
813 433 932 463 libidine
953 432 1034 469 vulgi

330 483 470 520 Auditur;
492 483 541 512 sed
562 492 626 513 cum
649 483 737 519 fregit
757 482 895 512 subsellia
915 490 1008 518 versu,

328 532 438 569 Esurit,
459 532 596 561 intactam
618 531 718 561 Paridi
738 532 794 560 nisi
815 530 911 560 vendit
931 526 1070 567 Agaven?

192 629 326 664 Statius
360 628 427 663 hoc
459 629 535 663 loco
560 632 683 673 poetae
709 640 777 663 non
804 628 957 663 ludibrio
989 633 1050 663 est.
1106 626 1166 661 Eis
1199 627 1300 668 enim,
1328 638 1418 672 quae

76 688 239 732 leguntur
264 687 301 721 in
327 686 400 721 vita
425 686 626 728 Iuvenalis‚¹
644 686 733 721 nihil
752 686 836 721 certi
856 685 1014 721 efficitur.
1056 685 1165 720 Immo
1183 696 1225 719 ex
1244 684 1417 720 Iuvenalis

76 745 190 781 verbis
226 745 443 780 manifestum
477 747 529 780 est
563 744 713 780 Statium
745 744 917 790 appellari
951 744 1042 779 inter
1075 755 1142 785 eos,
1175 744 1235 788 qui
1267 743 1416 788 gloriam

75 805 150 839 iure
183 803 252 838 sibi
285 803 502 848 paraverint,
536 814 683 847 aequam
717 802 908 837 mercedem
940 802 1071 837 iniuria
1103 813 1173 837 non
1207 802 1414 836 invenerint.

75 861 142 896 Sed
168 861 253 895 haec
278 861 476 901 mittamus3
503 859 603 894 nobis
628 860 908 904 investigandum
935 863 998 900 est,
1029 871 1111 893 num
1137 859 1270 893 Statius
1295 870 1417 894 revera

74 930 207 964 pauper
225 917 339 954 fuerit.
391 918 504 963 Atque
523 917 787 953 Bernhardius²
812 929 940 962 negare
965 917 1111 958 videtur,
1135 917 1249 962 ipsum
1267 916 1417 952 Statium

74 976 140 1012 hoc
166 977 241 1012 loco
267 989 336 1012 non
362 975 552 1021 significari
578 975 796 1012 confirmans.
849 975 939 1012 Sane
956 975 1157 1011 nominatur
1175 987 1238 1020 pro
1256 975 1417 1010 omnibus

74 1035 134 1076 eis,
158 1036 285 1079 quibus
303 1045 379 1070 sors
396 1035 519 1069 similis
537 1034 695 1079 contigit.
746 1034 812 1069 Sed
835 1034 903 1069 hac
927 1046 964 1068 re
989 1034 1130 1068 minime
1156 1034 1313 1078 sequitur
1338 1046 1416 1068 eum

74 1104 143 1127 non
162 1092 269 1128 fuisse
285 1104 491 1138 pauperem3
518 1092 592 1127 sine
610 1092 728 1133 dubio,
747 1092 807 1137 qui
818 1092 971 1133 Lucano,
989 1095 1112 1137 poetae
1127 1092 1179 1126 illi
1199 1091 1416 1133 divitissimo,

74 1155 308 1197 opponuntur,
333 1162 503 1196 pauperes
530 1154 640 1192 erant,
665 1150 837 1195 imprimis
864 1150 903 1192 is,
930 1150 1000 1195 qui,
1026 1154 1066 1185 ut
1083 1149 1293 1185 Bernhardii
1311 1150 1415 1185 verbo

73 1214 163 1251 utar,
196 1210 349 1244 omnium
383 1209 506 1243 horum
533 1201 751 1260 ‘symbolum'
778 1212 839 1244 est.
892 1209 1000 1243 Porro
1027 1207 1238 1243 Teuffelius³
1264 1208 1413 1243 Statium

39 1282 43 1287 ’
75 1278 143 1301 non
170 1267 308 1312 inopem
342 1265 449 1301 fuisse
483 1266 723 1301 demonstrare
749 1266 873 1301 studet.
924 1266 1116 1311 Praecipue
1150 1277 1191 1300 ea
1216 1278 1253 1300 re
1278 1266 1413 1307 nititur,

73 1325 166 1371 quod
192 1325 251 1361 ille
276 1325 456 1370 praedium
482 1325 684 1370 possederit.
736 1324 933 1360 Iuvenalem
960 1325 1011 1360 ait
1036 1336 1104 1360 non
1133 1324 1246 1360 dicere
1264 1324 1414 1360 Statium

72 1383 162 1417 nihil
179 1383 352 1424 habuisse,
370 1383 429 1418 sed
447 1382 623 1417 Thebaide
641 1382 793 1417 carmine
810 1382 899 1416 nihil
925 1383 992 1417 sibi
1012 1383 1196 1427 peperisse.
1241 1382 1413 1427 Equidem

71 1445 194 1486 poetae
219 1440 325 1476 verba
350 1440 453 1475 aliter
478 1440 629 1486 accipio:
655 1440 788 1476 Statius
814 1440 904 1475 nihil
929 1439 1062 1482 habuit,
1095 1440 1309 1475 carminibus
1341 1441 1412 1475 illis

71 1500 250 1543 ingeniose
274 1499 473 1543 compositis
500 1499 589 1532 nihil
614 1499 681 1533 sibi
706 1499 863 1543 paravit3
889 1499 1017 1543 itaque,
1049 1510 1091 1533 ue
1120 1498 1210 1533 fame
1239 1500 1413 1544 opprime-

71 1560 177 1596 retur,
212 1556 443 1591 histrionibus
478 1555 635 1591 vendidit
670 1556 913 1601 pantomimos,
966 1556 1015 1591 De
1042 1556 1145 1590 Statii
1181 1568 1219 1590 re
1245 1556 1411 1591 familiari

71 1617 209 1660 praeter
243 1614 305 1649 hos
340 1613 514 1649 Iuvenalis
548 1626 665 1650 versus
698 1614 884 1650 memoriae
916 1614 1006 1649 nihil
1041 1614 1208 1650 traditum
1246 1617 1307 1649 est.
1360 1615 1412 1650 Eo

71 1673 181 1716 magis
214 1673 330 1713 miror,
364 1672 457 1716 quod
492 1673 558 1706 viri
593 1672 686 1707 docti
720 1672 767 1713 id,
802 1672 895 1717 quod
927 1677 1032 1717 poeta
1067 1673 1163 1713 dicit,
1189 1673 1329 1708 credere
1359 1685 1413 1708 re-

71 1733 203 1771 cusant,
229 1730 442 1764 contrarium
468 1742 587 1766 verum
613 1742 686 1765 esse
711 1733 881 1771 statuunt,
907 1730 1008 1776 quasi
1028 1730 1200 1765 Iuvenalis
1221 1731 1325 1765 verba
1342 1743 1411 1765 non

71 1788 182 1822 solum
208 1787 321 1828 nihili,
347 1788 406 1821 sed
425 1788 546 1832 utique
571 1788 660 1823 falsa
686 1788 763 1824 sint.
815 1788 1032 1833 Quamquam
1051 1789 1184 1823 Statius
1209 1789 1411 1833 possidebat

70 1845 252 1890 praedium
271 1844 455 1886 Albanum,
480 1849 596 1880 tamen
623 1845 711 1879 nihil
736 1845 893 1891 impedit,
912 1846 1097 1890 quominus
1121 1850 1316 1881 statuamus
1334 1859 1410 1882 eum

70 1903 329 1947 pauperrimum
354 1902 467 1938 fuisse.
519 1903 693 1937 Martialis
720 1915 858 1948 quoque
883 1903 1037 1939 habebat
1060 1904 1326 1945 Nomentanum,
1353 1905 1413 1939 sed

189 2020 197 2035 ¹
220 2017 339 2058 ¹Deinde
364 2026 518 2054 paucorum
547 2027 679 2047 versuum
709 2019 798 2047 satira
826 2028 879 2047 non
903 2018 1026 2048 absurde
1048 2019 1204 2056 composita
1225 2020 1254 2048 in
1276 2019 1411 2048 Paridem

70 2066 277 2103 pantomimum
300 2068 467 2103 poetamque
493 2066 554 2095 eius
576 2067 761 2095 semestribus
782 2067 924 2096 militiolis
954 2070 1110 2097 tumentem
1133 2068 1184 2097 hoc
1205 2078 1296 2105 genus
1322 2069 1411 2105 scrip-

69 2117 151 2143 turae
172 2114 345 2143 industriose
366 2115 488 2143 excoluit
501 2111 508 2121 ²

186 2165 198 2182 2
219 2163 277 2193 Cfr.
299 2163 319 2193 l.
340 2172 364 2192 c.
389 2173 453 2199 pag.
475 2164 539 2193 493.
581 2163 657 2204 ‘Man
680 2165 754 2201 sagt,
776 2163 839 2193 dass
860 2174 890 2193 er
916 2165 943 2193 in
966 2165 1108 2201 dstrstiger
1129 2165 1207 2201 Lage
1235 2165 1293 2193 sein
1317 2165 1410 2194 Leben

69 2209 228 2241 beselrloss?
268 2212 301 2240 In
323 2212 419 2240 adnot.
441 2213 506 2241 384.
528 2214 606 2248 (pag.
628 2214 706 2247 496.)
728 2213 810 2241 dicit:
852 2214 922 2253 (Fur
942 2214 1069 2250 Iuvenal⁷
1092 2214 1156 2245 VH,
1173 2215 1219 2243 82.
1242 2214 1271 2243 ff.
1293 2214 1331 2242 ist
1351 2214 1411 2242 sein

69 2259 162 2288 Name
185 2270 239 2289 nur
260 2256 396 2298 Symbol.⁷

187 2311 198 2327 ³
219 2309 278 2339 Cfr.
301 2309 430 2338 Teuffelii
452 2308 632 2351 cGeschiclite
653 2309 679 2339 d.
703 2311 772 2338 ron».
794 2309 852 2339 Lit.
875 2311 901 2339 4.
924 2306 1007 2340 Auflss
1029 2319 1094 2348 pag.
1117 2310 1180 2340 636.

1218 2370 1235 2398 2
