1779 2595
773 114 818 150 31

129 230 321 268 utebatur.1
362 231 469 268 Cuius
494 232 669 274 maritum,
694 232 852 268 Flavium
871 230 1050 273 Sabinum,
1075 242 1181 267 causa
1203 241 1286 266 usus
1303 229 1468 266 ridiculo-

129 289 265 326 sissima
290 303 309 327 e
334 290 447 327 medio
472 291 645 327 sustulit.²
694 290 854 327 Ceterum
879 294 951 326 tam
969 290 1151 336 propalam
1169 289 1340 335 agebatur
1365 289 1467 324 adul-

128 348 270 390 terium,
302 353 342 384 ut
374 349 504 394 Ephesi
537 361 636 385 sacra
668 349 841 394 nuptialia
873 348 1157 384 celebrarentur.3
1217 347 1255 382 In
1291 348 1357 383 hac
1390 360 1466 382 cum

128 406 219 441 Iulia
256 407 504 442 consuetudine
534 407 765 453 permansisse
805 407 1025 442 continenter
1059 406 1280 441 Domitianus
1320 405 1466 440 videtur.

129 463 229 505 Quod
255 475 323 500 non
357 465 468 500 solum
494 465 616 501 Dionis
651 465 712 501 illo
739 458 820 519 (κάκ
844 457 1010 507 voi-zov'‚⁴
1036 464 1097 500 sed
1126 464 1231 499 etiam
1257 464 1337 499 aliis
1363 464 1466 499 rebus

127 523 383 568 comprobatur.
440 523 530 559 Nam
563 535 656 559 anno
698 525 753 558 84.
794 535 872 559 cum
913 524 1103 568 imperator
1137 534 1179 557 ex
1213 522 1305 558 bello
1344 526 1467 558 contra

128 579 273 616 Chattos
305 585 412 626 gesto,
445 593 532 627 quos
563 593 606 616 ne
640 581 729 617 vidit
761 581 913 627 quidem,
947 581 1107 617 rediisset
1139 592 1334 626 vanumque
1367 581 1465 615 illum

127 638 343 684 triumphum
378 640 531 684 egisset‚⁵
563 640 601 674 in
634 651 703 685 quo
736 640 824 675 servi
854 639 980 674 habitu
1014 639 1220 675 Chattorum
1255 639 1370 674 vestiti
1402 651 1466 684 pro

128 697 274 743 captivis
307 701 423 739 erant,
454 697 546 733 iuter
580 697 733 733 omnium
770 697 1008 734 adulationem
1042 709 1133 733 unus
1166 697 1309 733 Flavius
1343 696 1465 739 Ursus,

127 755 274 790 libertus
299 756 452 800 quidam,
478 768 597 791 verum
622 756 736 792 dicere
760 769 865 792 ausus
891 761 952 792 est.
1006 756 1072 798 Qui
1098 757 1205 791 vitam
1231 759 1375 801 propter
1399 756 1465 791 hoc

127 812 261 848 facinus
286 814 436 859 capitale
467 814 694 849 amittendam
719 814 879 860 precibus
912 814 1035 850 debuit
1061 814 1198 849 Iuliae.⁶
1248 813 1321 849 Iam
1355 825 1466 859 quan-

127 875 245 917 topere
263 872 481 907 Domitianus
506 872 669 908 feminam
694 873 790 908 illam
816 873 987 908 amaverit
1004 873 1128 915 vivam,
1153 884 1196 908 ex
1221 872 1293 908 illis
1310 872 1466 908 luculen-

127 930 260 964 tissime
284 933 441 975 apparet,
467 930 594 975 quibus
620 930 797 965 decoravit
812 935 994 966 mortuam.
1046 931 1226 966 Monetas⁷
1245 931 1281 965 in
1299 931 1465 966 honorem

127 987 200 1023 eius
232 987 405 1023 cudendas
436 988 572 1023 curavit
596 988 662 1024 hoc
687 988 809 1024 titulo:
840 988 962 1023 Dmffl
987 988 1120 1023 Ivmu:
1146 988 1237 1023 Aue.
1266 988 1353 1023 Dm
1384 988 1465 1023 Tm

127 1046 165 1080 F.
184 1046 217 1080 S.
236 1046 273 1080 P.
294 1045 333 1087 Q.
350 1046 390 1079 R.
418 1047 496 1080 IMP.
522 1046 627 1081 CAEs.
647 1047 782 1081 Dom'r.
808 1048 897 1081 Ave.
916 1047 1037 1082 GERM.
1057 1047 1136 1082 Cos.
1155 1046 1232 1081 XV.
1254 1047 1358 1082 emis.
1377 1048 1465 1082 PER.

127 1102 164 1137 Ρ.
176 1102 228 1144 Ρ.;
242 1105 376 1138 statuas
390 1103 463 1138 eius
473 1114 682 1139 marmoreas
692 1104 836 1140 Veneris
846 1103 957 1139 forma
967 1103 1013 1139 ab
1027 1103 1221 1139 artificibus
1234 1103 1320 1149 fingi
1334 1105 1465 1146 iussit,8

247 1202 257 1218 ¹
278 1200 336 1229 Cfr.
351 1201 386 1229 D.
402 1200 482 1229 Cass.
497 1201 542 1232 67,
564 1201 590 1230 3.
612 1200 676 1241 ικοῖκ
696 1199 802 1229 τούτου
821 1201 858 1240 τῇ
879 1198 1023 1240 ἀδελφιδῆ
1043 1201 1080 1240 τῇ
1102 1200 1171 1236 ἰδίᾳ,
1194 1198 1284 1239 ἤγουν
1297 1201 1335 1240 τῇ
1355 1198 1464 1236 Ἰουλίᾳ,

128 1244 446 1286 ἅπαρακαλιπτότερσν
472 1244 509 1278 ὦς
528 1249 643 1288 γαιιετῇ
671 1248 801 1285 συνῴκει.
831 1249 894 1277 εἶτα
923 1248 1085 1284 δεηθέντος
1109 1249 1163 1277 τοῦ
1183 1248 1278 1286 δήμου
1298 1248 1465 1288 κατηλλάγη

126 1298 183 1333 μὲν
211 1296 249 1335 τῇ
278 1298 419 1333 Δομιτίᾳ,
449 1296 586 1335 ἐχρῆτο
611 1293 764 1326 ὃόὗδὲν
789 1289 906 1333 ἧττον
930 1297 973 1336 τῇ
995 1294 1143 1333 'Iovia'sp³
1184 1297 1243 1327 Cfr.
1271 1298 1357 1327 etiam
1386 1298 1464 1327 Suet.

127 1346 178 1374 vit.
200 1345 283 1374 Dom.
304 1347 331 1374 3.

244 1405 256 1421 ²
276 1403 336 1432 Cfr.
357 1403 435 1432 Suet.
457 1404 507 1431 vit.
530 1404 611 1433 Dom.
635 1404 679 1433 10.
717 1426 733 1444 ι.
750 1427 756 1433 .
772 1426 778 1433 .
796 1404 926 1432 Flavium
949 1403 1097 1441 Sabinum,
1113 1404 1236 1433 alterum
1257 1414 1272 1432 e
1286 1404 1465 1440 patruelibus

128 1451 178 1487 (sc.
199 1451 322 1488 occidit),
343 1451 418 1488 quod
438 1460 504 1480 eum
525 1452 704 1480 comitiorum
727 1452 917 1480 consularium
934 1451 980 1480 die
1000 1453 1176 1481 destinatum
1198 1461 1343 1489 perperam
1366 1461 1465 1489 praeco

127 1508 183 1527 non
203 1499 357 1536 consulem,
378 1499 427 1527 sed
447 1500 656 1536 imperatorem,
676 1496 909 1535 pronuntiasset.‘

245 1558 257 1575 ³
276 1557 336 1587 Cfr.
356 1556 504 1594 Imhofius‚
525 1566 590 1594 pag.
614 1558 678 1587 129.

244 1617 256 1633 ⁴
276 1615 336 1644 cfr.
357 1616 392 1644 D.
415 1615 495 1645 Cass.
517 1617 563 1645 67.
584 1617 611 1645 8.

244 1675 257 1691 ⁵
277 1673 336 1702 Cfr.
357 1674 423 1703 Tae.
445 1673 540 1703 Germ.
562 1674 618 1710 37..
640 1675 709 1710 Agr.
732 1675 787 1711 39„
811 1674 843 1703 D.
865 1674 944 1704 Cass
967 1675 1013 1704 67.
1034 1676 1061 1704 4.

243 1733 255 1750 Β
276 1731 336 1762 Cfr.
356 1732 504 1769 Imhofius‚
524 1741 591 1769 pag.
613 1734 658 1762 50.

245 1793 255 1807 ⁷
275 1789 335 1818 Cfr.
358 1790 486 1818 Eokhelii
507 1790 654 1830 (Doctrina
675 1799 855 1819 nummorum
877 1787 1015 1819 veterum'
1036 1791 1116 1820 Tom.
1138 1791 1188 1820 VI.
1210 1800 1276 1828 pag.
1298 1792 1363 1820 366.

243 1850 255 1866 ⁸
276 1847 335 1877 cfr.
356 1847 441 1877 Mart.
463 1848 553 1885 epigr.
574 1847 625 1877 VI.
649 1848 693 1878 13.

379 1897 459 1938 ‘Quis
480 1899 508 1925 te
529 1896 668 1925 Phidiaco
688 1897 851 1934 formatam,
871 1897 956 1935 Iulia,
976 1898 1063 1933 caelo,

437 1945 490 1973 Vel
510 1945 575 1981 quis
595 1945 744 1974 Palladiae
765 1955 819 1974 non
841 1947 925 1982 putet
944 1946 1016 1974 artis
1037 1946 1129 1982 opus?

377 1992 509 2021 Candida
529 2002 583 2021 non
605 1993 696 2022 tacita
715 1993 867 2030 respondet
887 1994 1012 2030 imagine
1032 1993 1134 2030 lygdos

437 2041 475 2069 Et
494 2040 607 2078 placido
629 2041 724 2078 fulget
744 2041 826 2070 vivus
846 2042 875 2070 in
896 2050 943 2070 ore
963 2042 1065 2078 liquor.

378 2088 467 2118 Ludit
487 2088 625 2126 Acidalio,
646 2089 696 2118 sed
717 2099 772 2118 non
794 2099 896 2118 manus
915 2098 1025 2126 aspera,
1046 2089 1127 2119 nodo.

436 2137 525 2173 Quem
548 2137 645 2174 rapuit
665 2137 746 2174 collo,
767 2146 853 2174 parve
874 2137 994 2175 Cupido,
1015 2139 1073 2167 tuo.

378 2185 419 2214 Ut
438 2185 542 2214 Martis
563 2187 710 2214 revocetur
729 2195 809 2214 amor
830 2186 991 2223 summique
1011 2185 1157 2215 Tonantis.

437 2234 460 2261 A
482 2235 511 2262 te
530 2233 602 2262 Iuno
622 2235 702 2270 petat
722 2236 817 2262 ceston
839 2235 868 2262 et
887 2234 951 2270 ipsa
971 2230 1087 2263 Venus.³

242 2281 454 2310 Hirschfeldius
475 2281 640 2318 (Gottinger
659 2281 787 2318 gelehrte
801 2281 948 2319 Anzeigen
972 2282 1055 2319 1869,
1076 2290 1142 2318 pag.
1165 2282 1252 2320 1506)
1274 2283 1356 2312 valde
1376 2285 1462 2321 errat,

126 2329 201 2367 quod
229 2329 282 2359 hoc
310 2339 422 2360 carmen
450 2329 486 2359 ad
513 2330 607 2359 vivam
628 2330 731 2359 Iuliam
760 2330 901 2368 pertinere
928 2331 1022 2368 putat.
1063 2330 1139 2360 Nam
1167 2334 1365 2370 praeterquam
1387 2332 1462 2371 quod
