1779 2595
776 83 821 117 21

135 198 376 235 tantummodo
401 198 518 234 Plauti
545 198 718 240 novimus;
745 198 968 234 Heinrichius
993 198 1086 234 hunc
1102 198 1266 233 Plautum
1284 196 1474 242 significari

136 257 231 299 dicit,
256 257 293 292 in
311 256 487 292 codicibus
505 260 659 292 erratum
676 268 750 293 esse
766 256 964 299 affirmans;
991 256 1174 292 Sieboldus
1191 256 1341 301 denique
1358 256 1472 301 ipsum

136 315 332 351 Iuvenalem
366 315 535 350 erravisse
565 315 779 357 arbitratur,
812 315 924 361 patris
950 326 1074 350 nomen
1099 326 1177 350 cum
1203 314 1371 349 tribueret
1395 326 1474 360 per-

136 386 253 419 peram
288 373 393 408 fili01.
445 374 496 408 De
522 374 698 408 Weidneri
731 374 904 409 sententia
937 377 1017 419 post
1050 373 1254 409 videbimus.
1313 373 1474 418 Plerique

135 432 244 476 igitur
284 430 430 465 credunt
463 431 528 466 hoc
561 431 636 466 loco
669 431 858 477 vituperari
892 431 1091 466 Rubellium
1125 431 1304 472 Plautum,
1345 430 1473 465 Blandi

135 489 314 533 Iuliaeque
347 487 469 523 filium.
520 488 586 523 Sed
621 492 695 523 tum
726 488 948 524 statuendum
975 493 1027 523 est
1052 489 1251 523 Iuvenalem
1275 488 1376 523 valde
1402 488 1474 522 dis-

135 546 254 582 cedere
279 559 301 581 a
325 558 414 581 vero.
468 546 557 581 Nam
590 547 685 591 apud
710 546 867 582 Tacitum
901 558 1044 591 prorsus
1079 547 1256 581 contraria
1285 546 1327 581 de
1354 558 1392 580 eo
1419 545 1473 580 di-

135 608 273 640 cuntur.
312 604 594 649 Wolfgrammius
605 605 628 646 ²,
654 605 739 650 quin
765 604 808 640 de
825 605 951 640 Plauto
977 615 1090 640 sermo
1116 604 1171 646 sit,
1197 604 1286 639 nihil
1310 604 1474 639 dubitans

135 662 248 697 Taciti
274 667 308 698 et
334 663 507 697 Iuvenalis
539 663 669 698 iudicia
693 675 815 698 aversa
840 674 1045 708 componere
1069 666 1226 697 conatur.
1271 662 1347 704 Qua
1372 663 1409 696 in
1436 674 1473 697 re

134 732 213 755 cum
238 732 308 754 non
334 720 434 755 iustis
455 721 579 762 causis,
606 721 664 756 sed
682 721 905 766 opinionibus
924 721 1022 765 vagis
1040 724 1170 762 utatur,
1196 719 1342 755 refutari
1362 731 1473 765 neque

134 782 250 823 potest
274 790 385 823 neque
411 778 523 814 debet.

252 836 365 870 Facile
396 847 473 871 mea
504 836 643 881 quidem
676 837 849 871 sententia
881 839 933 871 est
958 836 1003 870 ad
1029 836 1300 880 intellegendum
1326 848 1348 870 a
1373 836 1470 870 Iuve-

134 894 213 928 nale
238 893 378 928 omnino
404 905 473 928 non
500 894 632 938 signari
656 894 830 928 Plautum.
873 894 989 938 Atque
1015 906 1057 929 ne
1082 893 1179 928 dicas
1203 892 1279 928 fieri
1305 894 1471 938 potuisse,

134 955 174 986 ut
191 951 363 986 Iuvenalis
389 951 501 992 aliter,
526 952 630 986 aliter
648 951 788 986 Tacitus
815 951 857 986 de
878 951 1018 986 homine
1044 951 1249 992 iudicarent,
1276 963 1348 985 rem
1365 951 1471 996 paulo

133 1009 331 1044 accuratius
356 1007 560 1054 explanabo.

252 1068 398 1103 Plautus
423 1068 573 1113 primum
590 1068 627 1103 in
646 1068 787 1104 exilium
805 1068 930 1104 missus
940 1069 965 1110 3,
990 1071 1064 1103 tum
1083 1067 1282 1103 stimulante
1300 1067 1471 1113 Tigellino

133 1126 334 1161 interfectus
360 1128 434 1160 est4
460 1138 481 1160 a
507 1126 652 1161 Nerone.
705 1125 802 1167 Quae
827 1138 898 1161 una
924 1138 978 1161 res
1004 1126 1214 1168 Iuvenalem,
1246 1127 1377 1171 quippe
1410 1126 1470 1171 qui

133 1183 305 1218 Neronem
331 1195 464 1218 summo
490 1184 570 1219 odio
594 1184 725 1225 oderit,
751 1183 987 1229 prohibuisset
1012 1183 1179 1225 Neronis,
1206 1188 1244 1219 ut
1269 1184 1320 1219 ita
1346 1183 1470 1224 dicam,

134 1241 308 1276 victimam
334 1242 532 1287 opprobriis
557 1242 728 1287 persequi.

250 1300 303 1334 Ea
336 1300 412 1345 ipsa
445 1312 584 1345 quoque
609 1300 652 1335 de
677 1312 799 1342 causa,
831 1300 926 1345 quod
950 1300 1097 1335 Plautus
1123 1311 1257 1345 semper
1282 1304 1317 1335 et
1342 1299 1471 1345 ubique

135 1358 305 1392 Neronem
338 1358 455 1393 timuit
486 1361 591 1403 atque
623 1358 746 1403 fugit5,
780 1370 870 1393 vana
904 1362 1018 1393 essent
1051 1358 1114 1393 illa
1147 1358 1253 1393 verba
1279 1358 1411 1412 (plenus
1438 1361 1472 1393 et

133 1414 275 1451 inflatus
314 1415 450 1451 Nerone
487 1409 697 1462 propinquo'
728 1417 774 1463 (v.
802 1418 846 1451 72
860 1416 885 1462 ).
951 1416 1039 1451 Nam
1079 1416 1164 1451 haec
1201 1417 1279 1462 ipsa
1316 1416 1471 1451 affinitas

135 1474 259 1509 Plauto
286 1474 391 1509 vitam
417 1474 572 1510 reddidit
597 1475 790 1520 inquietam
816 1479 851 1510 et
876 1474 1069 1516 molestam,
1095 1479 1248 1510 mortem·
1266 1475 1417 1510 subitam
1436 1478 1471 1511 et

133 1532 315 1568 crudelem.
1153 1537 1155 1539 ’

250 1591 367 1625 Plauti
393 1591 487 1636 apud
513 1591 695 1627 Tacitum⁰
721 1591 910 1626 laudantur
928 1603 1061 1626 morum
1079 1592 1274 1636 integritas,
1301 1592 1471 1636 pristinus

134 1648 243 1683 victus
277 1648 439 1694 domique
473 1649 696 1694 simplicitas,
740 1661 828 1695 quas
865 1661 919 1685 res
953 1650 1129 1685 Iuvenalis
1162 1650 1248 1685 alibi
1281 1650 1470 1685 identidem

135 1707 277 1741 summis
303 1707 467 1742 laudibus
494 1707 602 1743 effert.

253 1815 261 1831 ¹
282 1813 426 1842 Editionis
447 1823 513 1850 pag.
531 1815 593 1844 163.
629 1815 695 1856 ‘Der
717 1814 793 1844 Sohn
816 1815 891 1844 hiess
913 1815 1066 1853 eigentlicli
1082 1815 1234 1844 Rubellius
1251 1815 1383 1853 Plautus7
1404 1816 1471 1845 Tac.

132 1871 197 1889 ann.
219 1862 302 1889 XlIl.
326 1864 369 1890 19.
393 1862 446 1890 mit
466 1863 652 1899 Amnerknng
675 1873 727 1891 von
750 1864 874 1899 Lipsius.
914 1865 981 1892 Man
1011 1874 1090 1892 muss
1117 1864 1287 1893 hier'nicht
1314 1874 1344 1893 so
1371 1868 1472 1901 streng

133 1909 202 1944 sein,
223 1909 341 1937 Iuveual
362 1909 414 1937 hat
434 1909 486 1937 den
509 1910 597 1938 Vater
618 1911 671 1938 mit
690 1910 755 1938 dem
776 1911 854 1939 Sohn
875 1908 1075 1939 verwechselt.’

250 1958 262 1975 ἦ
282 1957 362 1985 Fritz
384 1957 584 1995 Woffgramm,
606 1958 756 1987 Rubellius
772 1958 895 1988 Plautus
910 1959 968 1987 und
983 1959 1059 1988 scine
1074 1959 1281 1995 Beurtheilung
1297 1960 1339 1988 bei
1355 1960 1471 1989 Tacitus

133 2005 191 2034 und
213 2006 339 2035 Iuvenal.
385 2006 438 2034 Ein
460 2006 579 2043 Beitrag
600 2016 651 2036 zur
672 2007 843 2036 Geschichte
864 2007 913 2037 des
933 2008 1253 2037 Claudisch-Julischen
1276 2009 1470 2038 Geschlechts.

133 2054 209 2082 Diss.
231 2053 309 2090 Rostd.
352 2053 495 2082 Prenzlau
518 2055 600 2084 1871.

250 2104 261 2121 ³
282 2102 341 2133 cfr.
361 2103 426 2133 Tac.
448 2112 513 2133 ann.
534 2103 613 2134 XIV.
634 2104 680 2134 22.

249 2155 261 2171 ⁴
283 2152 341 2181 crr.
362 2152 400 2182 ib.
422 2154 467 2182 59.

250 2203 262 2218 ⁵
282 2201 341 2229 Cfr.
362 2201 400 2230 ib.
420 2202 467 2230 22.
488 2223 505 2242 ι.
526 2224 533 2231 .
555 2224 562 2230 .
583 2204 746 2238 quantoque
767 2204 845 2231 metu
866 2203 1003 2231 occultior
1025 2225 1030 2231 .
1054 2226 1060 2232 .
1082 2200 1098 2231 .'

249 2251 261 2268 ⁶
282 2249 342 2279 Cfr.
363 2250 399 2279 ib.
423 2250 496 2291 ‘Ipse
521 2250 630 2287 placita
651 2251 789 2280 maiorum
811 2250 930 2289 colebat,
958 2251 1060 2281 habitu
1080 2261 1185 2290 severo,
1212 2255 1292 2282 casta
1313 2254 1341 2282 et
1361 2254 1470 2283 secreta

133 2298 216 2327 domo
239 2321 245 2327 .
268 2321 274 2328 .
297 2296 312 2328 .‘
