1779 2595
827 66 847 102 7

299 186 470 229 Quoniam
496 185 539 221 de
564 184 722 221 Graccho
756 183 903 229 agimus,
928 183 993 219 hoc
1025 182 1100 218 loco
1134 194 1245 228 pauca
1270 181 1383 217 dicere
1417 181 1517 217 velim

182 245 225 280 de
249 245 319 280 alio
345 245 497 279 eiusdem
523 243 673 278 hominis
698 242 835 284 scelere,
862 253 1072 287 quamquain
1099 241 1144 275 ad
1177 241 1354 275 lasciviam
1380 245 1413 275 et
1438 240 1518 275 libi-

182 303 296 339 dinem
323 315 391 338 non
417 302 577 348 pessinet.

661 371 731 406 sat.
761 369 853 404 vm.
881 369 962 404 203.
989 380 1039 413 sq.

412 438 482 480 ‘Nec
502 438 587 475 galea
608 438 710 467 faciem
733 436 895 466 abscondit:
916 437 1011 465 movet
1031 444 1092 464 ecce
1112 435 1273 471 tridentum,

412 487 568 524 Postquam
591 487 703 516 vibrata
723 485 878 523 pendentia
904 485 976 513 retia
996 484 1097 513 dextra

412 536 595 573 Nequiquam
617 534 727 571 effudit,
749 534 856 563 nudum
878 533 916 563 ad
936 533 1098 570 spectacula
1119 532 1230 561 vultum

413 585 509 622 Erigit
530 585 558 613 et
579 585 641 613 tota
661 583 739 621 fugit
758 582 955 620 agnoscendus
976 591 1070 611 arena.

415 623 581 669 Credamus,
603 632 715 661 tunicae
737 632 771 660 de
791 631 922 660 faucibus
943 640 1029 660 aurea
1049 639 1111 659 cum
1134 639 1163 659 sc

412 681 547 718 Porrigat
567 682 595 710 et
615 681 700 717 longo
720 680 842 709 iactetur
863 679 940 717 spira
960 675 1077 717 galero.>

299 770 350 806 De
376 769 440 805 hoc
466 768 615 806 Gracchi
641 768 795 804 facinore
820 780 927 815 supra
951 767 1021 803 iam
1048 767 1132 810 dixi,
1158 779 1232 804 cum
1252 770 1356 814 poeta
1381 767 1517 803 duobus

182 829 266 864 locis
300 829 486 864 admodum
519 828 701 863 disiunctis
734 828 776 862 de
808 827 925 862 eodem
961 827 1055 862 illius
1088 827 1239 862 hominis
1272 828 1398 863 scelere
1424 832 1517 872 agat,

182 887 266 933 quin
294 887 337 921 de
361 890 454 921 certo
480 886 599 931 aliquo
625 885 716 921 facto
734 897 845 920 sermo
872 885 926 927 sit,
945 884 1174 920 dubitandum
1193 897 1261 920 non
1280 897 1362 921 esse.
1401 887 1516 931 Atque

182 945 273 989 quod
293 943 479 985 Gracchus,
502 944 554 978 vir
571 955 702 978 summo
720 944 795 978 loco
814 949 928 984 natus,
945 943 981 977 in
1008 955 1150 977 arenam
1175 943 1306 987 prodiit
1330 944 1516 988 gladiator,

181 1001 378 1036 mirandum
413 1012 481 1035 non
515 1004 576 1036 est.
629 1000 768 1035 Etenim
802 1000 872 1035 iam
906 999 971 1034 sub
1006 1000 1095 1034 Iulio
1129 999 1276 1035 Caesare
1308 1001 1441 1035 nobiles
1478 1002 1513 1035 in

182 1072 321 1096 munere
354 1071 510 1106 pugnare
544 1058 740 1095 inauditum
778 1070 847 1094 non
880 1060 985 1095 erat.1
1035 1058 1136 1094 Anno
1164 1062 1244 1105 post
1277 1057 1357 1094 Chr.
1389 1072 1422 1094 n.
1460 1061 1515 1095 11.

180 1119 356 1163 equitibus
390 1118 557 1153 Romanis
591 1118 790 1162 gladiatura
824 1130 865 1152 ex
900 1117 1053 1162 professo
1087 1130 1249 1153 concessa
1280 1120 1362 1153 est.²
1420 1119 1517 1160 Quae

179 1175 374 1222 petulantia
391 1187 413 1210 a
430 1175 569 1209 Tiberio
586 1174 799 1220 aliquamdiu
825 1186 982 1219 repressa
1008 1174 1144 1210 Nerone
1170 1175 1363 1220 imperante
1390 1176 1515 1210 mirum

180 1239 348 1280 quantum
374 1234 570 1279 gliscebat.3
619 1233 741 1279 Neque
767 1233 877 1269 coacti
896 1233 1005 1269 solum
1024 1236 1059 1269 et
1085 1233 1223 1269 invitati
1241 1234 1286 1269 ab
1308 1234 1517 1280 imperatore

179 1292 224 1326 ad
244 1292 370 1325 serrum
389 1292 614 1331 transierunt,
633 1291 690 1324 sed
710 1291 801 1325 ultro
828 1302 975 1335 quoque.
1028 1291 1117 1324 Nam
1143 1292 1294 1325 saltante
1319 1293 1394 1336 ipso
1420 1294 1517 1336 prin-

179 1350 255 1395 cipe
281 1348 517 1384 nobilissimus
543 1348 690 1394 quisque
716 1348 813 1383 nulla
845 1348 917 1384 alia
941 1359 978 1383 re
1003 1348 1071 1383 nisi
1097 1348 1206 1383 animi
1238 1349 1379 1384 levitate
1404 1354 1439 1384 et
1464 1350 1518 1384 in-

179 1407 410 1451 temperantia
444 1407 480 1441 in
507 1418 648 1441 arenam
682 1407 886 1452 pellebatur.
939 1406 1069 1448 Quare,
1102 1407 1267 1451 quoniam
1301 1408 1344 1443 de
1369 1408 1518 1443 Neronis

179 1469 333 1510 tempore
366 1464 430 1499 hoc
463 1464 538 1499 loco
582 1467 685 1509 poeta
718 1464 826 1508 agit‚4
861 1463 1040 1499 Gracchus
1074 1464 1251 1508 gladiator
1284 1465 1374 1499 nihil
1411 1465 1518 1501 habet

179 1522 388 1559 offensionis.
441 1522 506 1558 Sed
546 1522 733 1568 peculiaris
768 1521 939 1568 quaedam
973 1526 1078 1568 atque
1118 1522 1333 1559 incredibilis
1373 1536 1516 1570 prorsus

179 1581 395 1626 impudentia
421 1592 463 1615 ex
489 1580 660 1615 editorum
687 1580 826 1625 quidem
853 1581 1024 1615 sententia
1054 1584 1206 1615 notatur.
1257 1581 1345 1616 Nam
1373 1587 1516 1627 excepto

179 1651 248 1673 uno
267 1638 409 1684 Mayore
434 1640 574 1673 omnes⁵
600 1639 636 1672 in
662 1650 702 1673 eo
728 1638 959 1680 consentiunt,
985 1638 1075 1683 quod
1102 1638 1277 1674 Grachum
1304 1639 1428 1675 habitu
1455 1640 1516 1676 Sa-

178 1696 258 1730 liari
291 1696 450 1730 vestitum
486 1696 694 1740 pugnavisse
720 1695 848 1730 dicunt.
899 1696 974 1730 Hoc
1000 1699 1034 1730 et
1065 1708 1208 1740 prorsus
1234 1697 1438 1732 incredibile
1464 1703 1517 1733 est

178 1757 212 1789 et
238 1757 356 1789 errant
381 1753 416 1788 in
444 1753 715 1799 interpretandis
741 1753 881 1789 vocibus
907 1746 1041 1808 ‘galeri’
1068 1757 1102 1789 et
1128 1747 1296 1808 cspirae'.6

297 1852 304 1867 ¹
328 1849 387 1879 Cfr.
409 1849 487 1878 Suet.
515 1850 566 1878 vit.
587 1849 652 1878 Div.
673 1849 727 1878 Iul.
751 1850 796 1879 39.
838 1850 966 1890 ‘Murere
987 1850 1015 1878 in
1038 1850 1098 1879 foro
1120 1850 1297 1888 depugnavit
1318 1853 1423 1881 Furius
1443 1853 1516 1890 Lep-

178 1898 257 1927 tinus
278 1899 366 1935 stirpe
387 1898 529 1935 praetoria
550 1901 579 1927 et
599 1898 652 1934 Qu.
675 1898 827 1935 Calpenus,
848 1900 962 1928 senator
982 1898 1126 1936 quondam
1147 1905 1280 1938 actorque
1301 1898 1471 1931 causarun1.'

293 1949 305 1965 ‘²
326 1946 384 1975 Cfr.
408 1947 441 1976 D.
463 1947 542 1975 CaSS.
565 1948 611 1976 56.
632 1947 677 1976 25.
719 1950 790 1988 (Kal
816 1951 876 1978 τοῖς
905 1947 1052 1982 ἱππεῦσιν,
1082 1944 1097 1976 3
1123 1952 1171 1976 καὶ
1194 1949 1380 1986 θατμιὶσειεν
1407 1948 1444 1978 (ἵν
1464 1963 1515 1984 τις,

176 1997 357 2032 μονομαχεῖν
378 1990 548 2032 ἐπετράπη.)

294 2046 305 2062 ³
326 2043 383 2072 Cfr.
406 2043 484 2075 Suet.
506 2043 557 2073 vit..
580 2043 647 2073 Ner.
671 2045 725 2081 12„
747 2044 811 2074 Tac.
833 2054 899 2075 ann.
920 2044 999 2075 XIV.
1025 2046 1077 2082 14,
1099 2046 1162 2076 XV.
1177 2048 1234 2083 32,
1256 2047 1289 2077 D.
1313 2047 1392 2078 Cass
1408 2049 1453 2078 61.
1472 2049 1516 2079 17.

293 2094 305 2110 ⁴
326 2092 384 2121 Cfr.
406 2101 432 2121 ν.
457 2093 519 2121 198.

293 2143 305 2159 ⁵
326 2140 459 2169 Weidner
492 2141 521 2169 in
543 2141 634 2170 altera
655 2140 786 2178 editione,
815 2150 887 2178 quae
909 2143 1069 2179 nuperrime
1095 2143 1123 2171 in
1145 2143 1235 2172 lucem
1257 2143 1342 2181 edita,
1364 2146 1514 2182 postquam

177 2190 251 2219 hanc
277 2190 542 2219 commentationem
570 2190 626 2218 iam
649 2190 819 2226 conscripsi,
846 2191 875 2219 in
897 2200 999 2220 manus
1027 2201 1103 2220 meas
1125 2193 1217 2229 venit,
1245 2202 1366 2222 errorem
1388 2195 1517 2224 correxit.

295 2240 307 2256 ⁶
328 2238 387 2266 Cfr.
413 2247 485 2274 quae
517 2238 654 2275 leguntur
690 2238 719 2266 in
748 2238 961 2268 Friedlaenderi
991 2240 1125 2269 Darstell.
1158 2239 1236 2270 Tem.
1263 2241 1303 2270 11.
1330 2242 1383 2270 sub
1417 2243 1517 2272 titulo:

188 2286 311 2316 Kostiim
334 2286 391 2316 und
414 2286 599 2324 Bewaffnung
621 2286 670 2316 der
691 2283 895 2317 Gladiatoren?
