1779 2595
769 104 813 141 19

121 222 165 258 de
190 222 361 269 patribus,
387 221 448 267 qui
473 220 625 257 filiorum
650 222 937 267 praeceptoribus
961 233 1103 269 parcam
1120 212 1315 258 concedunt
1331 233 1460 258 merce-

121 282 207 317 dem.
259 281 326 317 Sed
354 280 590 323 Quintilianus
616 279 691 326 ipse
715 292 849 326 pauper
874 292 944 316 non
971 284 1055 316 erat.
1110 280 1234 326 Itaque
1259 284 1373 326 poeta,
1399 281 1458 326 qui

121 340 188 376 hoc
213 340 281 376 sibi
306 340 436 386 opponi
462 351 563 384 posse
587 339 691 381 videt,
717 339 816 375 illum
842 339 983 375 insolito
1008 338 1169 374 fortunae
1194 338 1359 374 beneficio
1377 351 1459 384 opes

120 410 200 434 suas
242 398 367 435 debere
409 397 518 433 addit.
579 397 710 433 Notum
750 401 802 433 est
840 397 1095 440 Quintilianum
1136 398 1287 443 primum
1330 398 1461 432 Romae

119 458 295 503 publicam
322 457 476 492 scholam
501 457 680 502 aperuisse
707 460 741 491 et
767 457 935 492 salarium
961 468 979 491 e
1004 455 1087 492 fisco
1112 457 1285 502 accepisse
1313 459 1458 492 centena

120 515 280 550 sestertia
295 518 317 548 ¹.
365 514 507 550 Accedit
532 514 623 560 quod
649 514 839 559 discipulos
865 514 1019 549 habebat
1040 518 1075 549 et
1091 514 1216 549 divites
1234 518 1269 549 et
1285 514 1460 555 liberales,

121 574 250 609 liberos
282 573 395 608 Flavii
428 572 615 609 Clementis
626 574 649 614 2,
682 573 834 607 Plinium
871 573 1039 607 minorem
1052 574 1075 606 ³.
1144 573 1267 617 Itaque
1304 572 1459 608 dubitari

121 632 260 675 nequit,
294 631 377 675 quin
412 630 507 665 dives
540 630 653 664 fuerit.
705 630 772 665 Sed
805 631 989 664 nonnulli⁴
1014 630 1211 675 perturbati
1247 635 1329 664 sunt
1353 630 1459 664 Plinii

122 688 220 734 epist.
241 688 299 723 VI.
320 689 376 723 32.
428 687 482 723 Ibi
508 687 600 723 enim
617 687 753 723 Plinius
772 686 990 730 Quintiliano
1015 687 1061 723 ad
1087 687 1324 723 collocandam
1350 687 1460 722 filiam

123 747 379 791 quinquaginta
412 747 524 781 millia
556 758 732 781 nummum
768 745 887 788 offert,
921 746 1004 791 quia
1029 746 1197 799 (modicus
1223 739 1460 781 facultatibus'

123 803 237 840 fuerit.
289 802 387 845 Quod
419 804 559 838 minime
585 807 757 850 repugnat
782 804 956 839 Iuvenalis
982 803 1106 838 verbis.
1151 803 1241 838 Nam
1267 803 1324 838 hic
1351 802 1460 845 Quin-

122 862 267 897 tilianus
292 862 383 897 idem
410 874 478 897 non
506 866 559 897 est
583 874 624 897 ac
649 862 765 898 clarus
790 862 851 898 ille
876 862 1004 898 rhetor.
1049 862 1184 897 Plinius
1210 862 1303 898 enim
1328 861 1460 897 donum

122 919 270 954 offerens
295 920 513 965 praeceptori
539 931 602 955 suo
628 921 720 964 grati
747 932 830 965 erga
854 932 931 955 eum
949 920 1057 955 animi
1075 921 1231 965 aliquam
1249 921 1460 955 mentionem

123 989 192 1013 non
218 977 518 1023 praetermisisset,
544 977 749 1023 praesertim
776 989 853 1013 cum
871 977 1145 1023 diligentissime,
1171 989 1214 1012 ne
1232 977 1459 1022 accipientem

123 1035 285 1070 donando
310 1036 473 1077 laederet,
499 1047 639 1080 operam
665 1035 806 1077 daret⁵3
832 1039 906 1070 tum
932 1035 1080 1080 triginta
1105 1036 1206 1070 annis
1232 1036 1346 1070 minor
1372 1039 1457 1070 natu

242 1174 251 1189 ¹
273 1171 331 1200 Cfr.
354 1171 432 1200 Suet.
454 1171 507 1200 vit.
527 1171 613 1207 Vesp.
638 1172 681 1200 18.

241 1231 253 1247 ‘¹
273 1229 331 1257 cfr.
354 1229 451 1264 Quint.
474 1228 508 1257 (le
528 1229 621 1257 instit.
642 1230 714 1257 orat.
736 1229 753 1264 ἓ
775 1230 800 1257 2.
824 1229 958 1264 prooemii
980 1228 1016 1257 ad
1037 1229 1101 1258 libr.
1124 1229 1175 1258 lv.
1198 1228 1279 1269 KCum
1303 1238 1367 1258 vero
1389 1229 1460 1258 mihi

122 1278 305 1306 Domitianus
326 1277 476 1315 Augustus
498 1277 602 1305 sororis
617 1285 684 1305 suae
698 1278 832 1314 nepotum
850 1276 1025 1314 delegaverit
1039 1286 1146 1314 curam,
1168 1286 1222 1306 non
1239 1278 1310 1306 satis
1325 1277 1459 1306 honorem

121 1327 291 1354 iudiciorum
307 1326 472 1354 caelestium
488 1326 664 1362 intellegam,
679 1326 735 1354 nisi
749 1335 781 1354 ex
797 1326 850 1353 hoe
864 1326 957 1354 oneris
970 1335 1081 1362 quoque
1095 1326 1323 1363 magnitudinem
1340 1323 1461 1356 metiar.‘

240 1385 251 1401 ³
272 1383 331 1411 Cfr.
359 1382 434 1412 Plin.
461 1391 503 1419 ep.
533 1382 570 1411 11.
600 1383 643 1411 14.
665 1384 692 1412 9.
720 1383 771 1423 ‹ita
797 1384 872 1411 certe
898 1391 930 1411 ex
958 1383 1154 1420 Quintiliano,
1183 1386 1364 1420 praeceptore
1390 1393 1461 1420 meo,

122 1431 236 1461 audisse
257 1427 391 1461 memini'.
432 1431 483 1460 Vl.
505 1432 531 1461 6.
554 1431 580 1460 3.
608 1430 654 1472 <ad
674 1430 839 1469 audiendos,
860 1440 931 1469 quos
952 1433 1022 1460 tunc
1042 1440 1095 1469 ego
1116 1431 1349 1470 frequentabam,
1370 1432 1463 1468 Quin-

122 1481 266 1516 tilianum,
287 1480 407 1508 Niceten
428 1479 609 1508 Sacerdotem
630 1476 810 1508 ventitabat.’

240 1539 252 1555 ⁴
272 1536 337 1580 ‘Sed
358 1536 498 1574 quomodo
518 1536 713 1573 Quintilianus
734 1538 794 1566 tam
817 1536 895 1566 dives
917 1535 973 1566 dici
994 1538 1102 1574 potest,
1129 1545 1213 1574 quem
1234 1537 1348 1566 Plinius
1370 1537 1462 1575 Epist.

123 1587 174 1623 VI,
196 1587 242 1615 32.
283 1586 400 1615 Traiani
427 1586 521 1615 adhuc
547 1587 722 1623 temporibus
749 1587 844 1615 animo
870 1586 983 1623 quidem
1006 1586 1219 1624 beatissimum,
1247 1587 1296 1616 sed
1317 1587 1461 1617 modicum

122 1634 312 1663 facultatibus
338 1634 426 1663 fuisse
454 1634 565 1663 tradit?
606 1635 693 1662 Dives
713 1634 807 1663 vocari
827 1635 918 1670 possit
940 1637 1069 1670 respectu
1090 1635 1212 1663 aliorum
1234 1635 1392 1672 rhetorum,
1413 1637 1462 1672 qui

122 1682 297 1720 pauperrimi
318 1684 409 1720 erant,
430 1684 460 1711 et
480 1682 608 1711 modicus
623 1682 812 1711 facultatibus
827 1684 957 1719 respectu
973 1682 1071 1719 Plinii,
1092 1683 1141 1719 qui
1156 1682 1317 1712 ditissimus
1332 1683 1397 1712 fuit.
1413 1706 1419 1713 .
1435 1706 1441 1712 .
1456 1706 1463 1713 .

122 1732 263 1767 Quoniam
285 1740 351 1760 vero
371 1733 416 1760 tot
435 1731 539 1759 habuit
559 1731 660 1767 saltus,
682 1733 781 1759 tantas
801 1732 897 1768 potius
915 1740 981 1768 opes
996 1734 1061 1768 post
1074 1732 1224 1768 epistolam
1240 1732 1320 1760 illam
1336 1742 1353 1761 a
1367 1732 1463 1761 Plinio

123 1780 275 1816 scriptam,
297 1779 444 1808 Hadriano
465 1779 560 1807 forsan
582 1779 756 1815 imperante,
777 1779 977 1816 acquisivisse,
998 1782 1050 1808 aut
1071 1779 1184 1808 Plinius
1204 1780 1240 1808 ad
1261 1781 1350 1809 alium
1371 1780 1462 1815 Quin-

122 1828 255 1857 tilianum
277 1827 423 1865 scripsisse
444 1826 599 1856 censendus
619 1829 672 1864 est,
693 1828 745 1856 aut
765 1827 839 1856 alius
860 1828 922 1857 aevi
944 1828 1029 1857 istius
1049 1828 1150 1857 rhetor
1169 1828 1338 1866 designatur
1352 1829 1465 1857 nomine

123 1877 306 1914 Quintiliani,
327 1878 360 1905 ut
380 1877 493 1905 nomine
514 1875 629 1905 Paridis
649 1876 724 1905 alius
745 1876 847 1906 histrio
862 1885 930 1913 sup.
952 1886 979 1905 v.
996 1877 1041 1906 87.
1056 1873 1109 1914 sq'
1130 1877 1317 1915 (Ruperti-us).
1359 1878 1463 1919 ⁴Allein

123 1925 282 1961 Quintilian
311 1925 448 1954 brauchte
476 1924 568 1953 weder
594 1925 646 1953 auf
671 1925 776 1954 eiumal
798 1925 874 1954 reich
894 1925 1044 1961 geworden
1066 1935 1101 1954 zu
1122 1926 1198 1962 sein,
1232 1926 1304 1954 noch
1326 1926 1463 1955 brauchte

123 1982 153 2002 er
171 1973 236 2010 jeue
256 1972 329 2001 holle
343 1972 508 2009 Besoldung
529 1973 623 2010 gleich
644 1973 683 2001 im
700 1973 832 2010 Anfange
851 1973 943 2002 seiner
957 1973 1109 2002 Laufbahn
1125 1974 1295 2011 empfangen
1311 1983 1346 2003 zu
1362 1974 1463 2011 haben,

123 2022 182 2051 und
204 2022 308 2050 konnte
328 2021 393 2050 sehr
414 2023 468 2057 gut
488 2021 516 2049 in
539 2021 615 2050 einer
636 2021 708 2057 Zeit,
729 2020 767 2050 da
785 2021 898 2050 Plinius
916 2021 1002 2058 jenen
1016 2021 1097 2050 Brief
1115 2021 1235 2057 schrieb,
1257 2022 1355 2051 desseu
1372 2022 1463 2051 Chro-

124 2070 235 2106 nologie
252 2069 285 2106 ja
305 2069 379 2097 wohl
400 2078 430 2097 so
451 2069 640 2105 ausgemacht
659 2069 740 2097 nicht
761 2069 808 2105 ist,
830 2078 876 2097 um
899 2069 1009 2097 solcher
1023 2070 1189 2106 Hypotbese
1203 2079 1238 2098 zu
1254 2070 1462 2105 widerstreben,

123 2127 177 2147 von
198 2117 404 2146 bescln-ankten
419 2117 535 2145 Mitteln
556 2116 626 2153 sein,
647 2116 759 2145 worauf
773 2116 930 2153 jedenfalls
950 2116 1003 2145 das
1018 2117 1186 2146 Anerbieteu
1203 2118 1279 2146 eines
1294 2118 1464 2147 Aussteuer-

124 2167 251 2204 beitrags
272 2176 324 2195 von
347 2166 449 2195 50000
469 2165 626 2194 Sesterzien
648 2165 760 2194 deutet:
795 2166 848 2194 wie
874 2175 904 2194 er
926 2165 1096 2202 umgekehrt
1116 2175 1167 2194 zur
1188 2166 1251 2194 Zeit
1271 2165 1320 2195 der
1341 2167 1463 2196 Iuvena-

123 2215 230 2244 lischen
253 2215 346 2244 Satire
368 2238 374 2244 .
396 2236 403 2243 .
425 2210 441 2243 .’
463 2214 604 2251 (Weber).

241 2276 253 2292 ⁵
274 2273 332 2303 cfr.
354 2272 430 2303 Plin.
451 2272 470 2301 l.
491 2281 513 2302 c.
535 2295 552 2314 ι.
574 2295 581 2301 .
603 2294 610 2301 .
630 2272 696 2309 plus
723 2271 896 2309 collaturus,
925 2271 980 2300 nisi
1000 2281 1018 2301 a
1038 2271 1208 2302 verecundia
1236 2274 1288 2302 tua
1316 2273 1377 2303 sola
1405 2283 1464 2303 me-

124 2322 274 2353 diocritate
294 2323 456 2352 munusculi
478 2321 624 2359 impetrari
647 2330 729 2359 posse
749 2320 917 2351 confiderem
940 2330 974 2350 ue
995 2329 1149 2352 recusares
1191 2320 1281 2351 Vale!

1251 2380 1292 2411 2*
