1779 2595
928 98 975 136 30

275 215 427 255 nefanda
470 230 593 255 venere
634 218 813 264 legemque
854 218 1079 262 Voconiam‚¹
1114 231 1185 265 qua
1224 217 1372 255 feminae
1412 217 1625 255 hereditates

275 278 433 323 accipere
467 277 697 319 vetabantur,
729 277 766 312 in
800 289 901 312 usum
936 278 1128 320 revocavit3
1162 278 1274 323 legem
1306 277 1432 313 Iuliam
1470 288 1550 313 vero
1583 277 1626 312 de

275 336 487 372 adulteriis²
512 336 626 371 edicto
652 336 816 371 restituit.
869 335 997 371 Utrum
1023 337 1115 372 aliae
1141 348 1280 382 quoque
1305 337 1398 381 leges
1424 348 1544 371 revera
1570 347 1624 370 re-

276 395 420 429 stitutae
445 395 517 429 sint
544 405 660 435 necne,
687 405 756 428 non
775 397 921 429 constat.
971 394 1026 428 Ex
1051 395 1180 439 plurali
1206 394 1267 429 illo
1295 394 1400 447 ‘leges
1425 387 1624 429 revocabat'

276 452 352 494 hoc,
378 455 418 487 ut
443 452 621 487 nonnullis
647 451 842 487 editoribus
868 452 979 488 visum
1005 456 1069 495 est,
1095 452 1301 489 concludere
1335 464 1404 488 non
1430 453 1521 494 licet,
1547 464 1625 487 cum

277 523 358 546 voce
384 503 593 564 ‘revocandi’
620 510 686 545 hoc
711 510 787 546 loco
813 510 1029 555 significetur
1054 523 1125 547 non
1158 512 1270 546 solum
1296 510 1383 556 legis
1409 510 1530 552 Iuliae,
1565 510 1626 545 sed

275 569 380 604 etiam
406 569 606 604 Scantiniae
632 572 667 604 et
692 569 868 605 Voconiae
893 570 1083 605 renovatio.
1136 569 1177 605 In
1212 569 1361 615 virgines
1388 568 1546 605 Vestales
1572 568 1626 604 in-

275 627 408 662 usitata
433 627 641 663 severitate⁸
667 627 926 663 animadvertit.
976 628 1099 673 Itaque
1127 628 1347 663 Domitianus
1372 628 1463 672 leges
1487 638 1626 662 amaras

275 686 489 721 revocavisse
514 685 582 720 dici
609 689 733 731 potest.
797 685 929 728 Quodsi
957 686 1056 740 (ipsis
1085 686 1211 722 Veneri
1239 686 1416 732 Martique
1441 677 1625 721 timendas'

275 745 380 780 fuisse
406 744 470 780 has
496 744 590 790 leges
625 744 712 780 dicit
737 744 923 786 Iuvenalis,
957 745 1024 780 hac
1048 757 1086 781 re
1111 745 1332 790 imperatoris
1358 745 1395 779 in
1421 745 1494 779 illis
1521 744 1626 779 scele-

276 802 374 837 ribus
393 802 594 847 detegendis
612 802 797 846 diligentia
814 802 1028 847 saevitiaque
1053 803 1090 837 in
1108 803 1293 848 puniendis
1312 803 1428 838 iocosa
1451 805 1486 838 et
1502 802 1626 837 festiva

274 861 544 907 exaggeratione
569 860 837 896 narratiuncula
860 872 902 896 ex
921 861 1021 898 Hom.
1040 860 1104 896 Od.
1127 861 1220 898 VIII.
1240 863 1321 897 266.
1342 873 1392 907 sq.
1419 861 1626 907 deprompta

282 924 460 956 notantur.
512 920 753 954 Domitianum
787 931 908 955 revera
934 920 1150 955 severissime
1176 920 1287 964 egisse
1312 919 1479 964 exemplis
1505 919 1624 954 allatis

276 977 519 1019 confirmatum
545 989 687 1012 causam
713 977 853 1023 quidem
879 977 922 1012 de
947 977 1079 1013 incesto
1105 978 1278 1023 virginum
1305 977 1500 1014 Vestalium
1526 980 1626 1012 tanta

276 1048 356 1071 cum
377 1036 525 1071 saevitia
542 1036 717 1076 tractavit,
736 1040 775 1070 ut
791 1036 935 1070 Helvius
954 1036 1111 1081 Agrippa
1128 1036 1285 1081 pontifex
1303 1037 1337 1070 in
1357 1035 1471 1070 medio
1492 1038 1627 1075 senatu,

276 1094 337 1128 ubi
363 1105 470 1128 causa
496 1094 678 1137 agebatur,
704 1096 837 1128 terrore
863 1105 1046 1138 percussus
1072 1093 1189 1129 subito
1216 1093 1360 1129 obiret!

398 1151 532 1187 Deinde
566 1151 609 1187 de
643 1151 836 1187 Domitiani
869 1155 904 1188 et
937 1151 1050 1188 Iuliae
1080 1152 1276 1194 amoribus,
1309 1164 1378 1198 quo
1411 1151 1538 1188 clarior
1571 1164 1626 1187 res

278 1210 352 1252 fiat,
377 1211 485 1245 altius
511 1215 675 1255 repetam.
719 1211 810 1245 Iulia
837 1214 913 1245 erat
937 1210 1011 1245 filia
1029 1211 1109 1251 Titi,
1126 1210 1248 1245 fratris
1267 1211 1468 1245 Domitiani.
1512 1210 1624 1252 Quam

278 1269 338 1303 ille
365 1269 547 1303 etiamtum
573 1268 742 1313 virginem
762 1269 902 1308 amavit,
928 1268 988 1303 sed
1007 1268 1162 1304 oblatam
1188 1269 1224 1303 in
1242 1268 1504 1306 matrimonium
1527 1280 1625 1304 recu-

278 1327 378 1362 savit.
429 1326 508 1362 Non
543 1327 655 1361 multo
689 1330 769 1371 post
794 1326 916 1362 Flavio
943 1326 1073 1362 Sabino
1108 1327 1313 1363 collocatam
1346 1327 1503 1372 corrupit
1532 1327 1626 1361 ultro

278 1389 312 1420 et
338 1384 479 1429 quidem
513 1385 589 1420 vivo
615 1384 725 1419 Tito-‘¹
780 1384 956 1420 Domitiae
988 1385 1102 1426 uxori,
1137 1397 1243 1430 quam
1271 1384 1410 1420 Paridis
1444 1384 1626 1419 histrionis

277 1443 495 1488 deperditam
536 1453 656 1477 amore
689 1443 957 1488 repudiaverat,
989 1443 1234 1478 reconciliatus
1274 1442 1503 1478 nihilominus
1535 1442 1628 1477 Iulia

397 1560 406 1576 ¹
428 1557 488 1588 Cfr.
518 1558 597 1588 Suet.
626 1559 676 1587 vit.
699 1558 782 1588 Dom.
804 1560 831 1589 8.
875 1558 1029 1599 ‘Quosdam
1057 1568 1089 1587 ex
1117 1560 1238 1595 utroque
1266 1558 1364 1587 ordine
1392 1558 1456 1596 lege
1477 1558 1628 1587 Scantinia

277 1603 498 1636 condemnavit?
539 1607 582 1636 lb.
598 1606 758 1647 ‹Probrosis
774 1607 889 1636 feminis
902 1608 1019 1636 lecticae
1034 1616 1116 1653 usum
1133 1607 1241 1636 ademit
1262 1607 1364 1644 iusque
1383 1607 1513 1644 capiendi
1528 1607 1627 1643 legata

279 1651 530 1692 hereditatesque.'

395 1715 407 1732 ²
428 1713 487 1743 cfr.
509 1713 595 1743 Mart.
617 1714 708 1751 epigr.
733 1714 785 1743 VI.
810 1715 836 1743 7.

514 1763 600 1802 ‘Iulia
620 1762 664 1790 lex
686 1763 800 1798 populis
820 1771 853 1790 ex
875 1771 939 1799 quo,
961 1762 1110 1798 Faustine,
1131 1764 1232 1791 renata
1252 1764 1298 1791 est
1319 1785 1325 1791 .
1349 1785 1355 1792 .
1377 1758 1395 1791 .'

396 1810 457 1839 Cfr.
485 1810 572 1838 etiam
598 1811 632 1838 A.
654 1810 773 1838 Imhoffi
803 1810 845 1850 ίΤ.
867 1810 988 1838 Flavius
1009 1810 1202 1844 Domitianus,
1230 1810 1274 1839 ein
1297 1810 1416 1847 Beitrag
1444 1819 1496 1839 zur
1523 1809 1626 1839 Gesch.

279 1857 329 1886 der
351 1860 422 1887 rom.
445 1858 605 1887 Kaiserzeit
625 1858 698 1887 nach
720 1858 774 1887 den
796 1858 917 1894 Quellen
938 1854 1120 1896 dargestellt'
1142 1868 1208 1896 pag.
1230 1860 1277 1889 95.

397 1918 408 1934 ³
429 1916 491 1945 Cfr.
512 1916 591 1945 Suet.
613 1917 665 1946 vit.
687 1917 770 1946 Dom.
792 1918 819 1947 8.
861 1917 983 1957 ίΙηοθιςῐει
1004 1917 1165 1946 Vestalium
1195 1917 1350 1954 virginum,
1372 1925 1389 1945 a
1415 1918 1498 1953 patro
1518 1925 1629 1953 quoque

277 1974 329 1993 suo
350 1967 381 1993 et
406 1965 495 1993 fratre
515 1965 659 2001 neglecta,
680 1965 757 1993 varie
778 1967 810 1993 et
829 1973 925 1993 severe
946 1965 1078 2001 coercuit,
1099 1965 1196 2001 priora
1215 1964 1334 2001 capitali
1361 1964 1510 2001 supplicio,
1533 1967 1628 2001 poste-

277 2014 353 2041 riora
374 2022 451 2041 more
472 2014 569 2042 veteri.
611 2013 688 2041 Nam
710 2022 773 2041 cum
795 2012 926 2042 Oculatis
947 2013 1092 2042 sororibus
1112 2013 1181 2041 item
1197 2013 1361 2042 Varonillae
1381 2012 1505 2042 liberum
1528 2013 1629 2041 mortis

277 2062 457 2099 permisisset
476 2061 629 2090 arbitrium
652 2063 890 2098 corruptoresque
905 2071 1002 2090 earum
1018 2061 1183 2099 relegasset,
1204 2071 1268 2090 mox
1284 2061 1456 2098 Corneliam,
1471 2062 1626 2090 maximam

276 2110 427 2147 virginem⁷
442 2110 607 2139 absolutam
624 2110 703 2146 olim,
718 2109 782 2138 dein
798 2110 883 2147 longo
904 2110 1058 2139 intervallo
1079 2110 1231 2146 repetitam
1247 2112 1333 2146 atque
1351 2110 1510 2139 convictam
1533 2109 1627 2138 defodi

276 2159 432 2197 imperavit
461 2160 694 2195 stupratoresque
721 2158 812 2195 virgis
840 2159 869 2186 in
897 2159 1012 2186 comitio
1039 2158 1077 2187 ad
1103 2167 1199 2187 necem
1227 2158 1316 2194 caedi,
1343 2160 1458 2194 excepto
1485 2158 1628 2194 praetorio

275 2207 337 2235 viro
359 2230 365 2236 .
388 2230 394 2236 .
419 2202 436 2236 ‚³
477 2206 536 2235 cfr.
559 2207 646 2235 etiam
669 2206 745 2236 Plin.
766 2207 852 2243 epist.
873 2207 925 2236 IV.
950 2207 993 2235 11.
1016 2209 1043 2237 6.
1065 2208 1094 2235 et
1114 2207 1149 2236 D.
1172 2206 1252 2236 Cass,
1275 2207 1320 2236 67.
1342 2207 1368 2235 3.

395 2267 407 2282 ⁴
428 2265 487 2294 Cfr.
509 2265 545 2294 D.
568 2264 648 2293 Cass.
671 2266 717 2294 67.
742 2266 767 2293 3.

395 2325 406 2341 ⁵
428 2322 489 2353 Cfr.
513 2323 592 2353 Suet.
615 2323 665 2353 vit.
688 2323 771 2353 Dom.
793 2323 840 2353 22.
