1779 2595
600 526 984 578 VITA.

224 737 353 792 Natus
391 769 467 792 sum
505 758 767 792 Laurentius
805 758 988 793 Niessen
1026 769 1054 793 a.
1088 758 1120 793 h.
1157 770 1182 793 s.
1213 757 1333 792 LXIV.
1369 767 1398 792 a.
1432 758 1467 792 d.

129 825 239 859 XVII·.
265 825 343 859 Kal.
369 825 450 870 Apr.
500 826 662 868 Bruehlii,
693 826 727 859 in
754 826 874 871 oppido
899 836 1003 871 prope
1029 826 1204 860 Coloniam
1230 826 1465 870 Agrippinen-

129 902 200 927 sem
226 892 301 934 sito,
326 894 421 936 patre
446 893 654 935 Antonio,
685 903 784 937 quem
809 894 1006 928 defunctum
1031 894 1141 939 lugeo,
1173 896 1281 928 matre
1307 894 1464 928 Elisa—

129 959 233 994 beth
266 960 306 994 de
339 962 438 1004 gente
470 960 658 994 Bisdorf.
709 961 827 995 Fidem
860 960 1019 1004 profiteor
1052 960 1263 995 catholicam.
1313 959 1466 1001 Patriae,

128 1030 307 1072 postquam
338 1028 456 1072 primis
487 1029 677 1063 litterarum
704 1029 876 1063 elementis
905 1029 1056 1063 imbutus
1082 1039 1167 1070 sum,
1201 1028 1352 1063 scholam
1380 1028 1464 1062 lati-

128 1106 208 1131 nam
241 1096 323 1139 adii,
364 1097 510 1141 primam
548 1099 661 1132 autem
693 1097 837 1132 classem
874 1107 933 1142 per
969 1096 1143 1131 biennium
1180 1097 1395 1142 frequentavi
1426 1096 1464 1131 in

127 1166 305 1210 gymnasio
343 1165 610 1203 Monasteriensi.
672 1165 883 1200 Matun‘tatis
921 1165 1113 1200 testimonio
1150 1165 1336 1200 instructus
1375 1164 1466 1199 hanc

127 1233 255 1267 almam
287 1233 478 1267 litterarum
512 1233 623 1266 sedem
655 1233 956 1266 Monasteriensem
990 1243 1066 1266 vere
1100 1242 1130 1266 a.
1155 1232 1187 1266 h.
1214 1243 1239 1266 s.
1271 1232 1464 1267 LXXXIV-

127 1301 218 1345 petii,
244 1300 302 1334 ubi
326 1310 385 1344 per
410 1300 461 1334 bis
487 1310 584 1334 senos
609 1310 740 1334 menses
760 1300 959 1345 theologiae,
982 1311 1042 1344 per
1064 1301 1187 1344 septies
1209 1310 1306 1333 senos
1328 1310 1464 1333 menses

127 1367 248 1403 studiis
280 1367 493 1413 philologieis
524 1377 660 1413 operam
692 1368 778 1402 dedi.
828 1367 958 1403 Scholis
990 1367 1127 1402 interfui
1153 1367 1226 1402 VV.
1253 1368 1327 1401 DD.
1354 1368 1463 1401 Die-

127 1435 252 1479 kamp
276 1424 279 1426 ³
300 1446 331 1479 p.
373 1445 437 1477 m.‚
487 1436 755 1480 Hagemann,
804 1435 1006 1477 Hueffer‚
1058 1435 1226 1483 Iostes‚
1273 1436 1465 1479 Langen,

125 1503 159 1537 N
170 1503 333 1545 iehues,
373 1502 514 1545 Stabl,
552 1502 717 1537 Storck.
776 1501 953 1537 Seminarii
986 1502 1071 1547 regii
1103 1502 1300 1547 philologici
1336 1502 1464 1537 sodalis

125 1571 313 1605 ordinarius
338 1571 388 1605 fui
413 1581 472 1614 per
497 1572 615 1613 quater
640 1580 737 1605 senos
762 1580 903 1605 menses.

241 1636 406 1673 Omnibus
441 1638 509 1680 his,
552 1638 609 1682 qui
647 1648 699 1672 me
737 1638 928 1680 docuerunt,
966 1638 1048 1672 viris
1085 1638 1290 1673 doctissimis
1329 1638 1463 1683 gratias

124 1705 231 1739 habeo
257 1706 432 1741 maximas,
