1779 2595
867 100 912 134 12

210 216 252 248 ut
279 212 453 259 nequitias
479 213 635 249 omnium
661 217 757 249 notet
781 214 855 250 eius
880 213 1018 256 aetatis,
1044 225 1149 260 quam
1176 214 1250 261 ipse
1272 214 1359 250 vidit
1383 226 1424 251 ac
1450 214 1553 251 videt.

213 272 325 308 Valde
351 275 459 314 errat,
484 273 544 318 qui
571 276 675 319 putat
704 273 904 309 Iuvenalem
931 273 1075 319 elegisse
1108 285 1187 308 cum
1212 274 1283 310 otio
1315 286 1356 309 ac
1381 273 1553 311 delibera·-

211 330 307 364 tione
344 342 387 365 ex
425 331 640 375 temporibus
677 331 876 375 praeteritis
915 343 987 366 rem
1023 331 1069 365 ad
1102 331 1366 367 describendum
1404 332 1553 366 maxime

211 387 382 423 idoneam.
433 388 583 424 Omnino
601 400 670 425 non
689 388 804 435 elegit,
830 388 978 425 materia
996 389 1026 424 ei
1044 400 1154 435 paene
1170 389 1317 425 obtrusa
1334 394 1394 425 est.
1430 389 1553 426 Dirum

208 444 360 482 Neronis
386 451 420 482 et
445 447 639 482 Domitiani
664 448 842 483 saeculum
868 448 967 489 vidit,
1001 448 1061 483 sed
1093 460 1211 483 necem
1243 448 1311 483 sibi
1344 449 1418 494 ipse
1450 461 1555 494 para-

210 504 327 546 visset,
363 505 394 539 si
427 508 502 539 tum
536 509 674 540 saturas
712 505 916 551 scripsisset.
968 506 1042 540 Hoc
1075 509 1191 540 autem
1217 509 1365 546 constat,
1400 505 1552 541 Traiano

212 562 464 609 Hadrianoque
489 563 743 609 imperantibus
775 576 851 600 eum
879 564 992 600 verbis
1017 564 1241 610 versibusque
1267 564 1477 610 expressisse
1502 576 1553 606 ea,

210 634 299 667 quae
325 634 490 667 magnam
514 626 650 667 partem
677 622 826 658 Neronis
852 623 1113 668 Domitianique
1129 626 1244 658 aetate
1260 627 1375 658 mente
1392 635 1433 658 ac
1451 622 1553 658 corde

210 685 461 725 composuerat.
523 680 625 717 Unde
660 680 862 716 facillimam
896 681 1004 716 habes
1038 681 1302 727 explicationem
1337 681 1425 723 eius,
1459 680 1552 727 quod

209 742 333 784 poetae
358 739 564 781 obiectatur‚
596 743 755 785 tempora
790 739 893 775 nimis
925 739 1091 775 misceri.¹
1149 739 1273 785 Itaque
1305 743 1446 775 saturae
1478 740 1552 774 eius

211 808 281 832 non
307 801 390 832 sunt
415 797 685 833 declamationes
711 797 753 833 de
778 800 934 843 tempore
959 797 1159 843 praeterito,
1191 797 1421 833 sed'censura
1447 797 1552 832 scele-

208 867 297 896 rum,
334 855 426 890 inter
451 868 542 900 quae
566 856 701 890 medius
734 856 809 901 ipse
834 856 968 901 positus
1001 859 1086 897 erat,
1123 867 1281 901 repressa
1313 855 1455 901 quidem
1487 855 1552 890 ali-

209 913 377 958 quamdiu
402 913 571 959 principis
597 917 701 955 metu,
733 913 794 949 sed
829 914 889 949 ubi
921 913 1073 959 primum
1105 913 1181 949 fieri
1212 914 1338 959 potuit,
1371 913 1407 948 in
1441 914 1552 948 lucem

209 971 313 1007 edita.
364 972 535 1007 Personas
562 984 642 1007 vero
668 972 858 1017 generatim
880 973 1013 1018 positas
1038 976 1101 1008 aut
1117 971 1216 1007 fictas
1234 984 1307 1008 esse
1324 972 1385 1017 qui
1402 972 1553 1013 (Ιίοιιῐή,2

209 1030 258 1064 eis
283 1030 522 1065 contradicere
547 1030 670 1065 ausim.
721 1030 920 1065 Martialem
946 1042 1029 1065 sane
1047 1030 1245 1065 nominibus
1266 1030 1411 1065 licenter
1428 1030 1480 1064 uti
1499 1029 1551 1064 vel

208 1087 290 1122 inde
315 1093 472 1133 apparet,
499 1088 592 1133 quod
619 1088 717 1124 varia
742 1099 845 1133 saepe
871 1088 1002 1123 scelera
1027 1087 1156 1124 eisdem
1182 1088 1339 1133 personis
1365 1087 1551 1133 imputem-⁹2

208 1157 327 1180 verum
353 1158 375 1180 a
403 1147 585 1187 Iuvenale,
622 1158 717 1187 cum,
756 1146 815 1191 qui
849 1146 940 1181 idem
966 1145 1102 1181 facinus
1127 1146 1164 1180 in
1190 1157 1226 1181 se
1251 1145 1425 1187 admittit,
1459 1146 1551 1181 idem

208 1209 342 1249 semper
367 1215 492 1240 nomen
518 1204 653 1245 induat,
678 1204 828 1239 maxime
853 1204 1041 1239 verisimile
1066 1207 1118 1239 est
1139 1207 1250 1239 certos
1268 1202 1426 1239 homines
1443 1203 1552 1248 signi-
1602 1199 1609 1206 ”

207 1262 305 1298 ficari
345 1263 503 1308 verisque
541 1263 741 1298 nominibus
779 1261 961 1309 appellari.
1027 1263 1136 1308 Saepe
1173 1262 1258 1297 locis
1296 1263 1399 1307 longo
1437 1261 1551 1307 spatio

207 1321 392 1356 disiunctis
428 1321 655 1356 inveniuntur
688 1332 858 1366 personae
892 1321 966 1355 sine
999 1320 1105 1355 dubio
1132 1320 1288 1355 eaedem:
1340 1321 1464 1354 Maura
1491 1319 1549 1354 VI.

208 1380 289 1413 308.
317 1399 362 1404 -—
390 1378 432 1413 X.
465 1380 560 1419 224,
595 1378 734 1414 Catulla
760 1378 804 1413 11.
840 1380 898 1413 49.
936 1398 980 1404 —
1013 1378 1056 1414 X.
1083 1379 1177 1419 323„
1211 1378 1322 1413 Pollio
1357 1377 1417 1412 IX.
1446 1373 1550 1412 6.'--

207 1436 267 1473 XI.
294 1439 351 1472 43.
403 1437 532 1483 (Pollio
559 1436 782 1472 citharoedus
808 1437 850 1472 V.
878 1438 959 1472 387.
987 1440 1039 1471 est
1061 1435 1176 1482 alius).
1219 1435 1421 1481 Crepereius
1439 1435 1550 1470 Pollio

207 1499 243 1530 et
267 1495 461 1529 Paccuvius
487 1495 607 1529 Hister
632 1494 711 1529 XII.
741 1497 820 1535 111,
849 1496 929 1535 125,
958 1496 1035 1528 128.
1063 1494 1149 1539 quin
1175 1494 1259 1528 certi
1286 1494 1443 1529 homiues
1469 1493 1550 1533 sint,

209 1556 354 1598 propter
380 1552 538 1587 additum
564 1564 754 1597 cognomen
781 1564 850 1587 non
877 1552 1022 1587 dubium
1048 1556 1108 1587 est.
1162 1551 1293 1586 Nomen
1312 1551 1432 1586 fictum
1456 1550 1550 1596 apud

207 1610 405 1645 Iuvenalem
437 1610 585 1644 inveniri
611 1610 827 1654 argumentis
852 1609 1070 1655 comprobari
1099 1610 1228 1654 nequit.
1278 1609 1350 1644 Nec
1374 1621 1465 1650 vero,
1490 1621 1552 1643 cur.

208 1668 260 1703 ita
285 1667 424 1709 faceret,
450 1671 555 1713 poeta
580 1667 742 1703 habebat.
795 1667 888 1703 Vera
914 1667 1005 1702 enim
1031 1666 1174 1701 nomina
1199 1666 1342 1702 reticere
1368 1677 1455 1712 opus
1480 1677 1550 1700 non

208 1730 294 1768 erat,
328 1738 406 1761 cum
439 1729 649 1762 vexarentur
675 1726 804 1761 mortui
830 1725 872 1772 (Ι.
902 1726 1009 1772 170),
1036 1725 1205 1766 damnati,
1236 1725 1384 1760 obscuri.
1435 1724 1550 1770 Atque

326 1864 336 1879 ¹
358 1861 417 1890 Cfr.
438 1861 602 1897 Teuffelius,
623 1861 641 1890 l.
663 1870 686 1890 c.
710 1870 735 1897 p.
758 1862 823 1890 416.
865 1861 907 1901 (In
935 1860 985 1889 dor
1006 1860 1095 1897 Regcl
1122 1860 1186 1888 halt
1213 1859 1274 1888 sich
1296 1859 1340 1887 die
1363 1858 1550 1896 Darstellung

207 1910 235 1937 in
257 1909 516 1946 eigentliiimliclier
537 1909 680 1945 Schwebe,
702 1910 741 1937 im
760 1909 880 1943 fiebiete
901 1908 950 1937 des
971 1908 1177 1945 Allgemeinen,
1199 1903 1359 1936 Ζοίῐῐοεθη.Ἰ

326 1969 337 1985 ²
357 1967 416 1996 Cfr.
442 1967 479 1996 ib.
509 1967 603 2007 ⁴Diese
625 1966 839 2003 Vermischung
867 1966 925 1994 und
947 1966 1154 2002 Verwischung
1181 1965 1231 1993 der
1257 1964 1320 1993 Zeit
1348 1965 1463 1993 ve1·i·5.th
1488 1964 1549 1993 sich

205 2025 280 2052 ganz
303 2015 456 2044 besonders
475 2015 550 2044 auch
572 2015 601 2043 in
622 2014 676 2043 den
699 2014 744 2043 bei
765 2014 826 2043 ihm
848 2013 1085 2043 vorkommenden
1104 2013 1255 2043 Personen.
1300 2013 1397 2042 Nennt
1416 2022 1445 2042 er
1466 2013 1549 2042 iiber-

206 2065 298 2101 haupt
325 2064 436 2101 solche,
467 2073 498 2093 so
526 2064 590 2092 sind
617 2064 658 2092 sie
683 2063 825 2092 entwoder
853 2063 983 2100 fingierte
1012 2062 1078 2091 oder
1105 2062 1278 2091 willkiirlich
1309 2061 1451 2098 gewfihlte
1481 2061 1550 2099 oder

205 2113 334 2150 typische
355 2112 422 2141 oder
442 2112 612 2149 allgemeine
633 2111 700 2140 oder
722 2111 936 2140 unbedeutende
959 2111 1026 2140 oder
1046 2111 1095 2139 der
1107 2110 1340 2148 Vei-gangenheit
1352 2106 1548 2147 angehiifigeff

207 2160 402 2190 Bernhardius
422 2161 441 2189 l.
462 2170 485 2189 c.
508 2169 574 2198 pag.
596 2161 662 2190 609.
705 2160 774 2201 CAus
796 2160 888 2188 dieser
915 2159 964 2195 (sc.
986 2159 1035 2187 der
1053 2159 1192 2196 jiingsten
1213 2158 1459 2196 Vergangenheit)
1486 2159 1548 2186 ent-

205 2209 289 2239 lehnt
318 2219 348 2238 er
378 2208 634 2239 hervorstecheude
664 2208 776 2238 Numen
807 2208 851 2238 als
882 2208 980 2246 Typen
1011 2207 1057 2237 fiir
1087 2207 1249 2237 Domitians
1280 2206 1445 2244 Region-ung
1473 2201 1547 2236 ...⁷

245 2282 251 2289 .
275 2282 280 2288 .
303 2259 361 2287 und
383 2259 546 2287 beleuchtet
567 2258 643 2287 seine
664 2258 787 2286 Themen
810 2259 864 2286 mit
885 2258 1007 2295 Belegen
1032 2266 1085 2285 aus
1112 2256 1188 2285 einer
1208 2255 1430 2285 anekdotischen
1454 2250 1548 2283 Welt.’

324 2318 336 2334 ³
356 2316 416 2345 Cfr.
438 2315 533 2345 Giesei
554 2316 606 2356 KDe
627 2316 754 2352 personis
775 2324 792 2344 a
813 2315 945 2344 Martiale
960 2310 1205 2350 corntnemoratis'⁷
1226 2313 1295 2342 diss.
1315 2312 1446 2341 Greifsw.
1464 2313 1547 2342 1872.
