1779 2595
819 80 864 113 35

286 199 360 233 Iam
369 209 447 233 vero
457 201 537 232 ante
545 208 674 232 annum
686 197 742 231 89.
753 195 862 230 Iuliae
871 207 963 230 mors
971 194 1174 230 collocanda
1183 206 1251 230 non
1262 198 1322 230 est.
1336 196 1436 230 Anno
1447 196 1502 229 87.

166 256 260 291 enim
279 257 460 291 etiamtum
478 254 615 289 vivebat
626 257 653 295 3¹
671 265 781 298 usque
797 254 842 288 ab
860 254 921 288 illo
938 258 1054 287 autem
1067 256 1221 297 tempore
1236 253 1455 287 Domitianus
1469 253 1503 286 in

168 314 262 350 bello
288 317 410 350 contra
428 313 540 348 Dacos
565 312 715 357 gerendo
739 311 864 347 absens
890 314 983 353 erat,
1009 310 1151 346 absente
1176 314 1290 346 autem
1308 310 1506 346 Domitiano

168 373 261 406 Iulia
288 383 357 406 non
382 371 499 405 obiit.²
540 371 645 404 Initio
671 370 754 404 anni
775 371 831 405 89.
857 369 893 403 in
911 369 1002 403 bello
1020 369 1201 404 etiamtum
1218 369 1424 403 versabatur
1441 369 1506 402 im-

167 432 319 474 perator,
334 428 376 463 de
390 439 460 473 qua
474 440 512 463 re
525 428 612 462 actis
626 428 773 462 fratrum
786 426 964 461 Arvalium
979 426 1166 461 docemur.³
1201 425 1290 460 Nam
1304 426 1408 460 huius
1422 426 1505 460 anni

169 498 286 522 mense
300 486 463 521 Ianuario
478 485 532 521 bis
546 489 625 521 vota
639 489 799 530 suscepta
812 488 894 520 sunt
906 496 969 530 pro
983 484 1151 530 principis
1164 484 1309 519 victoria
1328 491 1362 519 et
1378 484 1506 525 reditu,

167 557 260 591 quae
293 545 466 590 pertinere
495 543 541 579 ad
575 544 704 579 bellum
740 543 906 578 Dacicum
940 542 1211 578 Hirschfeldius⁴
1245 542 1504 579 demonstravit.

286 604 409 648 Itaque
441 614 504 647 pro
537 605 631 637 certo
664 601 885 637 statuendum
918 605 971 636 est
1001 601 1193 636 Domitiani
1225 604 1260 636 et
1293 601 1403 635 Iuliae
1435 605 1507 640 tra,-

167 660 314 705 goedias
339 660 590 705 posterioribus
616 660 700 695 anni
726 661 781 695 89.
808 659 984 694 mensibus
1010 659 1193 694 exstitisse.

287 719 460 764 Sequitur,
486 722 525 754 ut
551 719 784 764 explanemus,
810 730 878 764 quo
904 721 1058 764 tempore
1084 717 1140 753 lex
1157 717 1248 752 Iulia
1269 717 1436 753 restituta
1450 718 1505 753 sit.

173 778 288 822 Atque
313 777 489 812 Martialis
514 777 551 811 in
578 778 637 813 VI.
663 777 950 822 epigrammatum
977 777 1068 811 libro
1093 776 1198 810 huius
1223 776 1274 811 rei
1299 776 1506 811 identidem-'³

169 835 379 870 mentionem
404 834 509 876 facit,
534 846 612 869 cum
637 835 673 869 in
699 834 799 869 libris
824 835 886 878 qui
911 834 1121 869 antecedunt
1145 834 1187 868 de
1213 834 1279 868 hac
1304 846 1342 869 re
1368 834 1507 868 omnino

170 892 260 927 nihil
294 892 398 927 dicat.
450 892 524 927 Iam
557 904 637 927 vero
665 892 724 927 Vl.
753 895 783 927 7.
818 892 922 927 claris
957 892 1071 927 verbis
1106 891 1364 927 demonstratur
1396 892 1507 937 legem

168 951 268 986 illam
311 951 509 996 nuperrime
551 963 624 987 esse
665 953 896 987 renovatam.⁶
965 951 1108 996 Itaque,
1151 950 1290 995 quando
1333 950 1506 986 Martialis

169 1009 298 1043 librum
326 1009 384 1043 VI.
412 1009 599 1054 scripserit,
626 1009 783 1053 quaestio
809 1008 1023 1043 instituenda
1050 1010 1128 1043 est.⁷
1179 1008 1226 1043 Et
1252 1012 1342 1043 certe
1368 1009 1508 1054 scripsit

290 1137 298 1153 ¹
320 1135 512 1171 Nuncupatur
541 1135 616 1163 enirn
646 1136 677 1163 in
707 1136 794 1172 votis,
831 1144 903 1172 quae
938 1136 1040 1165 fratres
1076 1136 1195 1165 Arvales
1231 1136 1313 1164 initio
1343 1136 1404 1164 eius
1441 1137 1508 1164 anni

168 1185 356 1220 susceperunt
376 1183 446 1220 (Cfr.
469 1183 629 1219 Heuzenus,
657 1192 723 1220 pag.
746 1183 864 1213 CXVII.
886 1185 915 1212 et
940 1183 1046 1213 CVIII.
1086 1184 1142 1219 Qui
1163 1183 1249 1213 fuerit
1270 1184 1339 1220 dies,
1360 1193 1393 1213 ex
1414 1184 1509 1221 lapide

169 1242 226 1261 non
246 1233 317 1261 satis
338 1234 457 1268 constat,
481 1234 556 1261 certe
577 1241 671 1261 mense
691 1232 825 1261 Ianuario
846 1233 913 1261 anni
935 1233 980 1262 87.
1002 1232 1078 1261 Iulia
1098 1233 1220 1262 vivebat.

288 1283 299 1299 ²
321 1280 378 1310 cfr.
400 1280 478 1310 Suet.
499 1281 549 1310 vit.
571 1281 654 1310 Dom.
675 1281 712 1309 22
734 1311 740 1322 ί
764 1304 769 1310 .
787 1304 793 1310 .
809 1304 815 1310 .
838 1283 871 1310 ut
891 1281 976 1310 etiam
999 1290 1085 1310 causa
1106 1282 1206 1310 mortis
1232 1282 1375 1310 exstiterit
1395 1283 1509 1311 coactae

168 1331 336 1366 conceptum
359 1338 376 1358 a
396 1338 425 1357 se
446 1325 579 1366 abigere?

286 1380 298 1396 ³
318 1377 377 1407 Cfr.
393 1378 553 1414 Heuzenus,
568 1378 587 1406 l.
603 1387 625 1407 c.
641 1387 707 1415 pag.
722 1378 824 1406 CXXI.
851 1378 953 1419 gIsdem
969 1388 1024 1408 coe.
1041 1388 1083 1415 pr.
1099 1378 1164 1407 idus
1178 1378 1304 1408 Ianuar.
1319 1380 1348 1407 in
1363 1379 1505 1416 Capitolio

169 1435 205 1463 ex
226 1435 248 1454 s.
269 1434 292 1454 c.
314 1434 365 1461 pro
395 1425 488 1453 salute
513 1427 543 1453 et
570 1426 697 1453 victoria
727 1428 753 1453 et
778 1426 878 1454 reditu
905 1427 974 1462 imp.
1000 1426 1159 1455 Domitiani
1188 1427 1318 1455 Caesaris
1339 1427 1414 1464 Aug.
1436 1427 1506 1455 Ger-

169 1473 292 1503 manici
302 1473 414 1511 fratres
429 1473 552 1502 Arvales
573 1476 639 1502 vota
659 1475 868 1511 nuncuparunt.
909 1474 943 1503 Iu
965 1474 1087 1512 collegio
1108 1474 1311 1511 interfuerunt
1324 1475 1357 1504 L.
1373 1475 1507 1504 Veratius

171 1523 337 1559 Quadratus
356 1519 419 1552 etc.’
444 1523 486 1552 Ib.
510 1523 612 1564 (Isdem
634 1532 688 1552 cos
709 1523 786 1552 XVI.
805 1523 832 1552 k.
847 1523 931 1553 Febr.
947 1524 975 1552 in
992 1524 1133 1560 Capitolio
1148 1524 1183 1553 ob
1203 1526 1269 1553 vota
1289 1524 1508 1561 adsuscipienda

169 1581 203 1599 ex
218 1571 309 1599 edicto
323 1580 377 1600 cos,
392 1573 421 1600 et
434 1580 468 1600 ex
483 1580 504 1601 s.
520 1580 543 1600 c.
559 1580 609 1608 pro
623 1571 716 1600 salute
737 1573 771 1600 et
791 1571 917 1600 reditu
936 1574 964 1600 et
978 1572 1097 1601 victoria
1117 1573 1185 1609 imp.
1202 1572 1334 1601 Caesaris
1349 1574 1507 1602 Domitiani

172 1621 248 1658 Aug.
262 1619 424 1649 Germanici
444 1620 595 1657 collegium
618 1619 740 1649 fratrum
760 1620 908 1649 Arvalium
931 1621 1061 1650 convenit
1083 1644 1088 1650 .
1112 1644 1118 1651 .
1141 1644 1147 1650 .
1170 1617 1187 1650 ,⁷
1228 1621 1271 1650 Ex
1292 1621 1384 1650 verbis
1405 1621 1503 1663 <isdem

169 1666 238 1699 eos?
264 1678 319 1699 non
346 1669 446 1707 liquet,
473 1669 522 1706 qui
547 1669 633 1698 fuerit
660 1679 766 1707 annus,
790 1670 839 1699 sed
863 1669 1013 1699 Heuzenus
1036 1670 1055 1700 1.
1083 1678 1105 1699 c.
1130 1671 1308 1708 argumentis
1338 1671 1507 1700 certissimis

170 1717 352 1746 confirmavit
371 1726 477 1746 annum
492 1718 648 1755 significari
663 1718 708 1747 89.

288 1767 301 1783 ⁴
322 1765 475 1803 Gottinger
500 1765 628 1803 gelehrte
649 1766 791 1803 Anzeigen
820 1766 902 1802 1869,
924 1775 989 1804 pag.
1014 1767 1096 1796 1506.
1125 1765 1184 1796 cfr:
1205 1768 1291 1797 etiam
1313 1768 1507 1806 Kluegmanni

169 1814 236 1855 ¹Die
256 1823 344 1843 neuen
366 1811 645 1843 Arvalmonumente'
667 1815 697 1843 in
718 1814 864 1852 Philologi
884 1815 964 1844 Tom.
986 1817 1031 1845 28.
1053 1825 1119 1853 pag.
1141 1817 1207 1846 487.

289 1864 302 1881 ⁵
322 1862 381 1892 Cfr.
403 1863 507 1900 epigrr.
529 1862 579 1891 VI.
601 1863 637 1900 2.,
659 1864 696 1899 4,,
717 1864 753 1900 7..v
774 1864 830 1899 22..
851 1864 907 1900 45.‚
930 1865 976 1893 91.

289 1913 302 1929 ὃ
322 1911 406 1952 aIulia
426 1911 470 1939 lex
491 1911 604 1948 populis
624 1920 656 1940 ex
676 1920 741 1948 quo,
762 1911 909 1948 Faustine,
930 1914 1031 1942 renata
1052 1915 1095 1942 est

386 1960 480 1996 Atque
499 1960 607 1989 intrare
627 1960 724 1989 domos
745 1961 824 1989 iussa
845 1960 989 1990 Pudicitia
1010 1964 1061 1998 est,

321 2008 392 2036 Aut
411 2008 529 2037 minus
549 2010 611 2037 aut
631 2010 731 2038 certe
751 2018 817 2038 non
837 2009 920 2046 plus
941 2010 1135 2040 tricesima
1155 2011 1217 2040 lux
1238 2014 1305 2049 est,

388 2057 426 2086 Et
445 2057 529 2086 nubit
550 2057 657 2086 decimo
677 2058 734 2087 iam
757 2058 891 2087 Telesilla
910 2059 981 2089 viro.

323 2106 402 2142 Quae
422 2106 505 2135 nubit
525 2107 640 2144 totiens⁷
661 2116 715 2135 non
737 2107 833 2136 nubit:
855 2107 987 2137 adultera
1007 2109 1069 2146 lege
1090 2111 1141 2139 est.

387 2154 520 2183 Offendor
539 2155 655 2184 moecha
675 2156 845 2192 simpliciore
866 2154 979 2186 minus.'

292 2207 303 2222 '¹
322 2204 356 2233 In
387 2212 443 2241 qua
473 2213 502 2232 re
532 2204 682 2233 tractanda
712 2204 860 2242 Stobbeus‚
891 2206 958 2242 quia
994 2207 1259 2235 commentationem
1292 2208 1330 2244 (in
1362 2207 1507 2245 Philologi

171 2251 253 2281 Tom.
280 2253 327 2282 26.
354 2262 420 2290 pag.
442 2253 488 2282 44.
510 2256 563 2289 sq.)
589 2254 705 2290 scripsit
729 2262 761 2282 eo
782 2256 915 2291 tempore,
936 2263 999 2283 cum
1021 2264 1110 2292 neque
1130 2258 1194 2285 acta
1215 2256 1336 2285 fratrum
1359 2258 1507 2286 Arvalium

171 2299 210 2328 ab
223 2300 353 2329 Henzeno
364 2300 442 2330 edita
452 2310 541 2338 neque
552 2301 667 2330 libellus
684 2311 701 2331 a
713 2301 913 2331 Gutschmidio
924 2304 1099 2340 conscriptus
1117 2304 1187 2332 iuris
1197 2304 1303 2340 publici
1317 2307 1407 2342 erant⁷
1423 2309 1508 2335 errat.

1293 2364 1334 2393 3*
