1779 2595
895 117 941 149 42

243 231 407 265 cissimos
433 231 553 275 magni
580 231 745 266 momenti
773 234 858 272 erat,
884 235 988 266 antea
1014 242 1129 266 servos
1155 231 1209 267 vel
1234 230 1371 276 publice
1389 230 1443 265 vel
1469 230 1511 266 dc
1529 242 1597 265 suo

242 290 339 331 emit,
358 293 398 324 ut
416 301 536 325 revera
554 301 623 325 non
647 289 689 325 de
707 301 844 325 reorum
864 290 971 325 servis
990 290 1149 335 quaestio
1166 288 1273 325 fieret.
1321 288 1481 324 Tiberius
1499 288 1593 324 hano

243 349 414 383 rationem
430 348 613 392 neglegens
631 360 745 383 servos
760 349 868 383 actori
879 348 1020 393 publico
1031 348 1178 383 tradidit
1192 353 1227 383 et
1239 348 1286 389 id,
1297 348 1388 393 quod
1400 348 1467 382 huc
1480 359 1592 392 usque

242 418 305 450 per
331 406 568 451 exceptionem
593 407 722 441 factum
740 410 825 447 erat,
844 406 997 451 legitime
1016 406 1091 440 fieri
1110 406 1242 440 iussit.¹
1285 406 1381 449 Quae
1407 417 1471 448 res,
1489 417 1594 451 prae-

243 465 365 499 sertim
379 477 457 499 cum
472 464 540 499 iam
552 465 701 509 Augusti
715 464 805 499 ratio
821 464 916 499 haud
930 464 1091 499 omnibus
1102 464 1318 509 placuisset‚2
1327 463 1444 499 odium
1455 464 1593 499 movit.³

364 522 538 558 Iuvenalis
553 522 662 567 igitur
676 522 718 558 de
732 522 872 558 Tiberio
884 522 985 565 idem,
1001 522 1092 568 quod
1106 534 1223 557 omnes
1237 522 1408 568 aequales,
1423 521 1589 557 iudicium

243 581 328 616 facit
346 593 408 616 nec
426 581 469 616 de
486 593 548 616 suo
567 583 767 626 imperatori
786 582 836 616 illi
854 582 1004 626 imputat
1021 582 1115 616 vitia.
1171 580 1304 616 Civium
1323 593 1402 617 vero
1422 581 1593 616 sollicitu-

245 639 355 680 dines,
374 639 532 683 quamvis
556 651 597 673 ex
622 639 760 683 ingenio
779 639 946 684 depictae,
972 639 1113 673 minime
1131 639 1266 674 alienae
1283 643 1364 673 sunt
1386 638 1430 673 ab
1448 639 1529 679 illis,
1547 639 1593 673 de

249 696 376 742 quibus
403 697 530 742 agitur,
555 697 782 743 temporibus,
808 698 859 732 ita
885 701 924 733 ut
949 697 1180 743 descriptione
1198 697 1312 742 imago
1330 697 1424 732 iusta
1442 697 1588 732 oriatur.

367 784 585 829 Quamquam
621 785 666 819 ad
699 785 971 828 cognoscendam
1006 786 1180 819 Iuvenalis
1216 785 1458 819 auctoritatem
1493 784 1589 818 haud

245 842 295 878 ita
322 843 433 878 multa
458 843 617 889 exempla
643 843 848 884 examinavi,
875 843 904 878 si
931 842 1081 888 quidem,
1108 846 1193 889 quot
1218 847 1253 878 et
1278 854 1383 888 quam
1401 842 1515 878 varias
1533 854 1590 877 res

241 905 346 946 poeta
372 905 509 943 tractet,
536 901 813 942 consideramus,
847 905 963 937 tamen
997 902 1208 947 paucitatem
1242 901 1464 946 aliquomodo
1497 913 1592 936 coin·-

243 959 383 1004 pensari
411 959 547 994 confido
574 971 615 994 ea
640 971 689 1000 re,
728 960 821 1005 quod
848 964 1016 1004 quantum
1055 960 1153 1005 potui
1190 960 1283 994 locos
1317 960 1404 1004 elegi
1439 960 1592 994 maxime

241 1018 385 1054 idoneos
412 1023 446 1054 et
472 1018 565 1064 quod
592 1019 711 1054 multis
746 1019 825 1054 aliis
859 1019 944 1055 locis
970 1018 1050 1055 fidei
1076 1018 1248 1064 ambiguis
1284 1018 1396 1054 simile
1421 1018 1588 1054 iudicium

242 1076 480 1111 adhibendum
506 1077 644 1110 videtur
670 1088 742 1111 esse
775 1080 881 1121 atque
916 1077 976 1117 eis,
1015 1088 1100 1121 quos
1139 1077 1183 1110 ad
1222 1081 1353 1110 certum
1380 1076 1482 1111 finem
1508 1088 1589 1121 per-

242 1134 415 1170 duximus.
469 1135 584 1180 Atque
610 1134 673 1170 hos
699 1134 770 1169 fere
796 1135 926 1170 fructus
953 1135 1178 1180 percepimus.

359 1194 437 1233 Res,
464 1205 552 1238 quas
579 1194 683 1228 semel
710 1197 744 1227 et
769 1205 790 1227 a
810 1194 913 1228 certis
938 1193 1139 1228 hominibus
1157 1193 1357 1227 commissas
1375 1205 1448 1227 esse
1465 1196 1592 1227 narrat

240 1251 423 1293 Iuvenalis,
443 1251 565 1297 utique
582 1251 774 1287 credendae
798 1256 886 1288 sunt.
921 1251 1039 1297 Neque
1058 1251 1159 1293 enim,
1174 1254 1213 1286 ut
1231 1251 1387 1292 vidimus,
1405 1255 1467 1286 aut
1485 1251 1590 1286 lasci-

242 1311 318 1345 viae
345 1316 407 1345 aut
430 1311 495 1345 ioci
518 1315 581 1345 aut
598 1311 762 1355 ponderis
786 1323 893 1345 causa.
920 1311 1049 1345 scelera
1071 1310 1188 1354 fingit3
1213 1311 1486 1355 gravissimaque
1503 1310 1589 1345 faci-

239 1379 364 1402 norum
400 1368 558 1413 exempla
596 1368 698 1402 certis
725 1368 940 1412 argumentis
972 1379 1053 1402 vera
1083 1378 1156 1402 esse
1179 1367 1397 1412 comprobari
1429 1371 1587 1412 possunt.

258 1427 410 1462 ‘tumores
433 1427 544 1462 tradit
565 1426 751 1462 rarissime.

361 1485 579 1529 Temporum,
619 1496 709 1529 quae
747 1484 1002 1526 describuntur,
1041 1484 1188 1529 effigiem
1230 1484 1390 1519 omnibus
1424 1484 1589 1529 partibus

241 1544 370 1578 iustam
396 1547 430 1578 et
461 1554 588 1584 veram,
628 1554 704 1578 cum
743 1546 777 1578 et
815 1543 967 1588 pessima
1004 1554 1137 1588 semper
1176 1543 1322 1578 ducatur
1354 1543 1517 1588 opinione
1551 1547 1589 1578 et

242 1602 426 1637 verborum
454 1601 694 1647 orationisque
732 1613 894 1647 pompam
932 1601 1068 1636 artibus
1107 1601 1290 1637 rhetoricis
1323 1606 1480 1643 sectetur,
1514 1614 1584 1637 non

238 1661 436 1695 adumbrat.
489 1660 560 1694 Nec
585 1671 665 1694 vero
693 1660 743 1694 ita
761 1660 815 1694 his
834 1660 928 1694 vitiis
946 1660 1095 1701 laborat,
1121 1664 1160 1695 ut
1179 1672 1233 1695 res
1256 1661 1350 1705 ipsas
1368 1660 1587 1705 detorqueat,

240 1719 276 1754 id
304 1718 397 1764 quod
423 1718 543 1753 multis
569 1718 654 1753 locis
672 1719 738 1753 viri
756 1718 849 1753 docti
867 1718 942 1753 sine
960 1718 1061 1754 iustis
1079 1719 1194 1753 causis
1218 1719 1349 1753 iniuria
1368 1722 1587 1761 statuerunt;

236 1777 298 1812 sed
324 1777 519 1818 verborum,
545 1777 673 1821 quibus
700 1777 811 1811 utitur
836 1777 1060 1821 gravissimis,
1086 1777 1115 1812 si
1142 1777 1267 1812 adimis
1293 1778 1500 1822 gravitatem
1526 1789 1585 1812 co-

236 1836 430 1879 lorumque,
455 1847 542 1879 quos
568 1839 664 1869 amat
690 1834 946 1879 pinguissimos,
985 1835 1073 1877 vim,
1110 1846 1165 1869 res
1204 1835 1298 1880 ipsas
1336 1835 1444 1870 habes
1470 1847 1579 1870 veras.

236 1894 397 1938 Denique
422 1892 483 1927 ubi
509 1897 662 1928 veterum
689 1905 804 1927 rerum
837 1892 1038 1927 memoriam
1073 1905 1115 1929 ex
1147 1893 1287 1938 ingenio
1322 1904 1384 1928 suo
1416 1893 1587 1938 depingit,

236 1953 331 1988 ultra
357 1952 515 1987 veritatis
542 1952 690 1997 speciem
717 1964 785 1987 non
812 1952 1044 1997 progreditur.

355 2011 491 2046 Harum
517 2022 633 2045 rerum
660 2011 688 2046 si
716 2011 752 2045 in
780 2011 1042 2056 interpretando
1069 2011 1232 2046 Iuvenale
1258 2023 1425 2047 memores
1452 2022 1584 2053 sumus,

235 2082 277 2104 ex
293 2069 408 2105 decem
423 2071 609 2115 praecipue
624 2070 802 2115 prioribus
821 2070 950 2105 saturis
964 2070 1010 2105 ad
1027 2070 1286 2115 investigandos
1305 2070 1400 2105 illius
1417 2071 1586 2115 temporis

234 2139 348 2162 mores
362 2128 509 2162 multum
527 2128 598 2162 veri
613 2132 791 2172 tamquam
812 2139 854 2162 ex
875 2127 970 2162 fonte
989 2129 1081 2172 iugis
1099 2139 1213 2172 aquae
1233 2128 1375 2163 haurire
1388 2139 1584 2173 possumus.

354 2217 363 2232 ¹
387 2214 446 2243 Cfr.
469 2214 535 2243 Tac.
557 2224 621 2246 ann,
644 2214 683 2243 Π.
706 2215 761 2251 30.,
784 2214 838 2245 HI.
860 2215 906 2244 67.

353 2265 364 2280 ‘2
388 2262 445 2291 Cfr.
467 2262 501 2291 D.
524 2263 605 2291 Cass,
629 2265 674 2291 55.
698 2264 724 2291 5.

352 2312 364 2328 ³
385 2310 445 2340 Cfr.
469 2310 534 2340 Tac.
557 2320 623 2340 ann.
645 2311 684 2342 ΙΙ,
707 2311 752 2340 30.
777 2310 908 2351 ⁴callidus
930 2312 958 2338 et
979 2310 1044 2338 novi
1065 2310 1136 2338 iuris
1157 2312 1301 2347 repertor.
