1779 2595
917 96 963 131 32

264 210 414 256 denique
440 222 517 246 eam
542 211 786 247 consecravit.¹
836 210 932 247 Haec
957 211 1001 246 de
1019 211 1213 248 Domitiani
1238 216 1273 247 et
1294 212 1403 247 Iuliae
1421 211 1608 248 amoribus.

264 270 379 315 Atque
412 281 481 304 non
515 269 627 305 solum
661 268 824 305 abortum
850 269 893 306 de
920 270 1120 306 Domitiano
1147 282 1223 306 eam
1250 270 1388 313 fecisse,
1420 270 1479 306 sed
1505 270 1611 306 etiam

263 331 437 363 mortuam
472 340 546 363 esse
587 328 653 363 hoc
692 328 820 363 abortu
859 340 975 363 rerum
1014 329 1222 374 scriptorum
1263 329 1472 365 testimoniis
1513 333 1613 364 extra

264 397 400 421 omnem
426 386 682 421 dubitationem
709 387 861 432 positum
888 390 948 422 est.
955 388 968 408 ²

382 445 433 480 De
469 456 551 479 voce
586 446 732 509 ttragico
768 438 967 480 concubitu'
1000 457 1111 491 pauca
1145 456 1219 481 esse
1252 445 1400 481 dicenda
1439 446 1608 482 videntur.

264 503 329 537 Est
361 503 454 537 enim
489 496 666 555 tragicus
700 515 768 538 non
803 503 897 548 quod
932 515 995 538 nos
1029 503 1175 538 dicimus
1207 503 1375 556 tragisch
1408 503 1430 537 i.
1457 514 1485 537 e.
1518 504 1611 538 tristi

266 554 386 602 exitu’,
420 560 480 595 sed
515 561 614 603 illud,
641 560 733 606 quod
768 560 815 596 ad
847 564 996 597 veterem
1030 560 1247 606 tragoediam
1281 560 1442 607 pertinet.
1494 561 1611 606 Atque

263 618 329 653 hoc
355 619 431 654 loco
457 619 663 654 concubitus
696 620 850 664 tragicus
876 620 1087 665 appellatur,
1113 619 1197 665 quia
1230 619 1480 665 consanguinei
1511 622 1612 654 erant

264 677 485 712 Domitianus
519 681 553 712 et
579 677 680 718 Iulia,
707 683 740 712 et
773 678 857 723 quia
883 678 920 712 in
952 678 1135 722 tragoedia
1168 677 1211 713 de
1236 677 1371 723 Oedipo
1405 682 1439 713 et
1475 678 1612 713 Iocasta

263 739 298 770 et
323 736 461 780 saepius
487 735 617 770 similia
635 739 835 771 narrantur.
886 736 1023 770 Dixerit
1047 739 1165 770 autem
1190 735 1337 771 fortasse
1355 736 1529 780 quispiam
1546 735 1612 770 hoc

263 793 339 828 loco
380 805 498 828 vocem
534 786 683 846 ‘tragici'
717 805 862 838 pravam
895 792 1062 838 praebere
1098 793 1325 835 sententiam,
1369 793 1454 839 quia
1487 797 1612 839 patruo

262 851 383 886 fratris
410 851 519 886 filiam
545 852 581 886 in
609 848 831 887 matrimonio
858 852 987 887 habere
1013 851 1094 886 inde
1112 864 1133 887 a
1156 856 1297 887 senatus
1322 852 1492 893 consulto,
1518 851 1612 897 quod

263 909 402 950 dicitur,
429 908 625 944 Claudiano
651 909 820 944 licuerit.³
871 910 960 945 Sane
986 921 1062 944 cum
1088 921 1180 944 anno
1207 911 1264 944 49.
1291 908 1458 944 Claudius
1484 909 1612 954 Agrip-

262 968 393 1012 pinam,
420 967 541 1002 fratris
567 967 687 1009 filiam,
720 979 863 1002 uxorem
890 967 1057 1002 ducturus
1092 971 1192 1009 esset,
1218 971 1359 1002 senatus
1392 967 1463 1002 tale
1488 968 1611 1002 matri-

263 1026 417 1060 monium
436 1025 631 1070 legitimum
650 1037 724 1060 esse
741 1025 885 1060 censuit.
933 1025 999 1060 Sed
1018 1036 1099 1059 cave
1118 1025 1208 1060 hanc
1230 1025 1438 1060 sententiam
1456 1025 1610 1060 omnium

262 1095 433 1119 consensu
471 1086 533 1119 aut
572 1083 646 1119 sine
683 1095 812 1128 magna
854 1083 1077 1118 adulatorum
1116 1083 1337 1119 contentione
1374 1082 1611 1129 praevaluisse

262 1145 389 1187 puteS.⁴¹
449 1141 611 1176 Universi
646 1142 768 1187 populi
802 1141 845 1177 de
878 1142 945 1177 hac
978 1153 1016 1176 re
1048 1142 1168 1187 opinio
1203 1142 1265 1176 illo
1297 1142 1435 1177 decreto
1469 1142 1610 1176 minime

262 1203 399 1234 mutata
433 1204 503 1240 est,
537 1199 631 1244 quod
666 1199 807 1234 Tacitus
839 1200 944 1234 claris
977 1199 1091 1235 verbis
1123 1202 1301 1234 testatur.⁵
1357 1200 1482 1245 Itaque
1516 1200 1609 1245 quod

262 1258 438 1294 Iuvenalis
465 1257 530 1293 hoc
563 1258 638 1293 loco
667 1270 735 1293 non
769 1262 909 1293 senatus
934 1258 1131 1293 consultum
1158 1258 1275 1292 servili
1308 1269 1390 1302 erga
1415 1258 1610 1303 principem

261 1317 379 1351 animo
414 1316 554 1357 factum,
587 1328 609 1351 a
642 1316 803 1361 plurimis
836 1319 953 1351 autem
980 1319 1226 1361 contemptum,
1252 1315 1312 1351 sed
1345 1328 1415 1351 non
1441 1316 1611 1351 bonorum

262 1376 384 1416 solum,
411 1387 529 1410 verum
556 1374 662 1409 etiam
695 1374 804 1410 totius
830 1374 952 1420 populi
979 1374 1021 1409 de
1046 1373 1113 1409 hac
1145 1386 1183 1410 re
1218 1375 1427 1410 sententiam
1460 1374 1610 1420 respicit,

262 1493 327 1527 post
347 1491 437 1528 epigr.
453 1491 503 1520 VI.
524 1492 561 1527 3..
583 1500 638 1527 quo
652 1491 756 1519 Iuliam
772 1492 917 1519 mortuam
938 1499 998 1519 esse
1019 1490 1081 1519 luce
1103 1490 1209 1519 clarius
1235 1490 1404 1526 ostenditur,
1425 1490 1478 1519 hoc
1498 1499 1611 1519 carmen

261 1540 343 1568 vivae
371 1539 532 1568 dedicatum
561 1539 640 1576 sequi
669 1539 774 1568 mirum
802 1541 885 1576 esset,
913 1539 1027 1568 omnino
1057 1548 1156 1568 versus
1186 1538 1231 1567 illi
1251 1539 1381 1575 intellegi
1404 1548 1457 1567 non
1481 1541 1611 1575 possunt,

261 1589 315 1616 nisi
338 1588 373 1616 ad
394 1589 521 1616 statuam
543 1597 590 1616 eos
611 1590 738 1624 spectare
758 1589 895 1623 putamus
916 1587 1021 1615 Iuliam
1043 1587 1160 1615 divam
1182 1588 1395 1623 exprimentem.
1438 1587 1497 1616 cfr.
1512 1588 1608 1616 etiam.

262 1635 466 1664 Friedlaender
487 1636 515 1663 in
537 1635 660 1664 editione
681 1635 826 1664 Martialis
848 1636 1094 1672 epigrammatum
1115 1634 1152 1664 ad
1174 1635 1202 1664 h.
1225 1635 1244 1664 1.

382 1697 390 1712 ¹
412 1694 487 1723 Iulia
514 1694 542 1722 in
568 1694 675 1730 templo
697 1693 814 1723 Flaviae
839 1694 936 1731 gentis
963 1693 1083 1722 humata
1106 1693 1188 1722 Divis
1212 1693 1323 1722 Flaviis
1351 1693 1539 1723 adnumerata
1559 1695 1612 1724 est.

380 1755 391 1771 2
413 1753 472 1781 cfr.
495 1752 573 1782 Suet.
595 1754 645 1781 vit.
669 1753 751 1781 Dom.
774 1753 820 1781 22.
855 1775 871 1792 ι.
889 1775 894 1780 .
911 1775 918 1781 .
940 1761 1003 1780 mox
1025 1753 1107 1788 patre
1128 1754 1157 1780 et
1178 1752 1238 1780 viro
1259 1752 1387 1780 orbatam
1410 1752 1609 1781 ardentissime

261 1801 413 1838 palamque
428 1801 539 1836 dilexit,
556 1803 587 1829 ut
602 1801 688 1829 etiam
706 1809 793 1828 eausa
807 1801 908 1828 mortis
923 1800 1067 1828 exstiterit
1081 1802 1194 1829 coactae
1208 1801 1373 1837 conceptum
1395 1810 1413 1829 a
1433 1809 1462 1828 se
1476 1796 1611 1837 abigere?

261 1850 337 1879 Plin.
358 1859 401 1887 ep.
423 1849 474 1878 IV.
498 1850 541 1879 11.
564 1850 590 1879 6.
613 1881 619 1891 (
644 1872 649 1878 .
673 1872 679 1879 .
703 1872 709 1878 .
733 1858 796 1878 cum
818 1849 879 1886 ipse
900 1849 999 1878 fratris
1021 1848 1112 1877 filiam
1132 1849 1240 1878 incesto
1261 1858 1316 1878 non
1337 1849 1486 1886 polluisset
1507 1848 1610 1886 solum,

261 1909 359 1928 verum
382 1900 469 1928 etiam
492 1899 657 1927 occidisset:
679 1908 745 1927 nam
766 1897 853 1927 vidua
874 1898 976 1927 abortu
998 1894 1104 1935 periit.‘

380 1959 391 1974 ³
412 1957 471 1986 Csr.
499 1956 565 1985 Tac.
593 1965 659 1985 ann.
687 1956 754 1985 XII.
783 1957 819 1993 7.,
847 1955 925 1984 Suet.
954 1956 1005 1985 vit.
1034 1955 1137 1985 Claud.
1169 1956 1214 1985 26.
1238 1955 1297 1984 Cfr.
1318 1956 1404 1984 etiam
1427 1955 1610 1993 Marquardt-

261 2006 431 2035 Mommseni
459 2005 630 2047 ‘Handbuch
659 2004 708 2034 der
735 2006 805 2034 ι’ὂιιι.
833 2000 1040 2033 Alterthiimer'
1070 2004 1148 2034 Tom.
1171 2004 1236 2033 VII.
1259 2013 1325 2041 pag.
1353 2005 1400 2035 30.
1429 2006 1460 2033 ct
1481 2004 1612 2033 Haenelii

262 2055 383 2096 ‘Corpus
404 2054 499 2090 legum
530 2054 567 2083 ab
594 2053 817 2090 imperatoribus
838 2053 976 2082 Romanis
1001 2055 1068 2081 ante
1089 2053 1284 2090 Iustinianum
1309 2049 1444 2081 latarum’
1466 2062 1533 2090 pag.
1555 2054 1611 2090 50.‚

261 2104 310 2140 qui
331 2103 416 2131 affort
437 2102 552 2139 Ulpian.
576 2104 602 2131 5.
625 2102 652 2131 6.
674 2103 703 2130 et
724 2100 787 2130 Gai.
812 2102 837 2130 1.
859 2103 905 2131 62.
927 2101 977 2129 ubi
998 2101 1081 2129 haec:
1112 2101 1235 2142 ‘Fratris
1263 2101 1352 2129 filiam
1375 2110 1488 2129 uxorem
1510 2100 1611 2129 ducere

260 2152 336 2188 licet,
365 2151 451 2187 idque
477 2151 602 2187 primum
631 2151 658 2178 in
687 2159 770 2178 usum
799 2150 886 2186 venit,
915 2159 980 2178 cum
1003 2150 1037 2178 D.
1060 2149 1200 2178 Claudius
1222 2149 1423 2186 Agrippinam,
1446 2150 1544 2178 fratris
1566 2150 1610 2177 sui

263 2200 362 2234 filiam,
386 2207 500 2226 uxorem
523 2195 671 2226 duxisset?

379 2258 391 2274 ⁴
413 2256 472 2285 Csr.
495 2255 561 2285 Tac.
583 2265 649 2285 ann.
671 2255 738 2285 ΧΠ.
760 2257 786 2285 5.

379 2318 391 2333 ⁵
412 2315 471 2343 Off.
492 2315 531 2343 ib.
552 2314 619 2343 XlI.
642 2316 679 2350 7.,
702 2314 751 2343 XI.
774 2314 832 2349 25„
853 2313 919 2342 XII.
942 2316 979 2350 5.,
1001 2313 1082 2343 XIII.
1105 2314 1143 2350 2.,
1164 2313 1244 2343 XIV.
1266 2315 1292 2343 2.
