1779 2595
797 65 818 100 3

143 183 274 220 Brutus
299 183 367 226 43„
394 180 481 218 Cato
506 181 566 224 ib.‚
591 180 704 219 Moses
732 182 821 224 102„
848 181 948 217 Titus
973 179 1095 217 Tatius
1119 180 1211 224 16Ο.,
1236 180 1329 217 bella
1345 180 1478 216 Punica

146 244 236 283 161.,
261 242 416 288 Pyrrhus
444 243 536 282 162,
562 240 658 275 Decii
686 242 778 281 239„
804 240 1028 275 Mithridates
1046 241 1138 281 252„
1164 240 1363 275 Alexander
1380 242 1478 281 311.;

143 311 186 334 ex
210 302 331 334 satura
356 298 452 333 XV.:
479 298 599 332 Ulixes
628 299 694 339 14.,
720 298 886 333 Alcinous
915 298 981 339 15„
1007 297 1259 343 Laestrygones
1288 299 1355 339 18„
1382 296 1485 333 Circe

144 359 211 399 20„
236 357 389 402 Elpenor
413 356 470 398 ib.‚
495 356 660 392 Telamon
687 357 755 398 65„
781 356 872 391 Aiax
890 356 947 397 ib.‚
972 355 1155 391 Diomedes
1178 357 1245 398 66.,
1271 356 1405 392 Aeneas
1423 356 1480 396 ib.‚

143 415 365 450 Prometheus
388 416 469 457 185„
505 414 690 460 Iphigenia
726 415 804 449 116.
865 414 1043 449 Accedunt
1076 414 1248 459 permulta
1279 414 1479 459 philosophi

142 473 259 518 potius
285 484 390 518 quam
422 477 620 508 saturarum
654 472 835 518 scriptoris
872 484 968 508 more
1000 472 1122 508 relata.
1173 472 1240 508 Sed
1272 484 1342 507 non
1368 472 1480 507 solum

141 535 283 576 propter
308 543 423 565 rerum
448 542 742 576 personarumque
777 530 1055 565 memorabilium
1088 530 1244 574 inopiam
1276 531 1376 576 parvi
1407 542 1481 565 mo-

142 589 249 623 menti
275 588 317 623 de
342 589 503 624 extremis
529 588 659 623 saturis
684 588 843 632 quaestio
869 591 933 629 est,
959 599 1077 622 verum
1095 588 1210 629 etiam,
1236 592 1276 623 ut
1300 589 1369 622 iam
1396 588 1481 630 dixi,

143 646 399 692 impedimento.
451 646 540 681 Nam
565 650 703 691 poetam
730 646 833 681 nimis
852 657 1062 691 exaggerare
1079 637 1194 681 nescio
1212 658 1257 681 an
1276 646 1331 681 his
1349 647 1479 681 saturis

143 705 303 740 commoti
335 704 491 750 plerique
523 704 774 739 contenderint.
826 704 1013 739 Immodice
1045 704 1140 739 dicta
1174 709 1263 746 sunt,
1298 709 1338 739 ut
1369 717 1481 750 pauca

143 762 297 804 afferam,
321 762 418 797 XIII.
446 764 500 797 84.
519 774 582 808 sq„
608 763 684 798 XV.
708 764 762 797 12.
782 774 843 808 sq„
869 762 1035 798 verbosae
1052 763 1209 797 veritatis
1227 763 1480 808 superlationes

143 825 177 856 et
209 821 429 856 traiectiones
463 820 687 856 inveniuntur
717 820 795 856 XII.
829 822 887 856 48.
924 832 984 866 sq.‚
1020 822 1075 856 95.
1108 833 1169 866 sq.‚
1203 820 1299 856 XIII.
1333 822 1388 856 60.
1416 833 1480 866 sq„

146 881 224 914 130,
250 891 312 924 sq„
342 878 436 914 XIV.
466 880 521 914 18.
547 879 597 924 sq.
625 883 687 914 etc.
748 880 789 914 In
823 879 940 924 priore
973 891 1112 924 quoque
1146 883 1346 914 saturarum
1381 884 1482 924 parte

143 937 282 979 modum
308 937 445 982 saepius
471 937 589 972 excedi
615 948 683 971 non
710 948 808 981 nego,
844 937 903 972 sed
929 937 1074 972 interest
1098 937 1190 972 inter
1221 938 1340 982 gravia
1366 937 1481 979 verba,

143 1007 232 1040 quae
256 995 452 1039 fulguribus
478 994 572 1029 haud
598 995 782 1030 dissimilia
798 1007 861 1039 per
879 995 1098 1030 iracundiam
1116 1000 1311 1040 erumpunt,
1338 999 1372 1030 et
1389 996 1481 1031 inter

143 1052 425 1097 exaggerationes
451 1064 528 1087 cum
555 1052 626 1087 otio
652 1056 686 1087 et
712 1053 813 1097 quasi
838 1052 958 1088 labore
975 1053 1113 1098 copiose
1130 1053 1306 1089 deductas.
1347 1054 1481 1098 Itaque,

143 1122 233 1156 quae
265 1110 306 1145 de
343 1110 516 1146 Iuvenalis
548 1110 687 1156 ingenio
725 1111 881 1146 dicturus
914 1123 1008 1153 sum,
1046 1111 1232 1157 praecipue
1271 1112 1316 1147 ad
1348 1112 1483 1157 priores

142 1169 279 1204 circiter
305 1169 419 1204 decem
455 1189 500 1193 —
536 1172 666 1203 certum
695 1170 905 1204 constituere
930 1170 1116 1204 terminum
1150 1182 1219 1205 non
1247 1171 1328 1204 licet
1354 1191 1399 1195 —
1426 1182 1481 1205 sa-

142 1230 239 1262 turas
265 1227 448 1272 pertinent.
500 1227 539 1261 In
567 1227 622 1261 his
648 1227 756 1272 igitur
782 1238 871 1273 quae
897 1227 944 1263 sit
968 1231 1091 1273 poetae
1115 1227 1201 1263 fides
1227 1232 1261 1263 et
1278 1229 1480 1270 auctoritas,

142 1285 351 1329 investigare
375 1284 461 1319 mihi
487 1285 664 1329 proposui.
715 1284 815 1320 Certe
833 1297 902 1320 non
920 1297 996 1320 sum
1015 1287 1060 1327 is„
1081 1287 1140 1331 qui
1160 1291 1282 1321 contra
1300 1287 1479 1331 vulgatum

141 1342 308 1377 iudicium
334 1342 573 1377 commendare
609 1342 766 1377 studeam
799 1343 1006 1378 sententiam
1039 1344 1193 1378 novitate
1226 1344 1339 1388 magis
1375 1356 1479 1389 quam

142 1400 287 1435 veritate
312 1399 539 1442 arridentem;
573 1404 725 1435 attamen
751 1413 827 1436 cum
853 1401 1057 1446 diligentius
1083 1402 1118 1436 in
1146 1402 1274 1437 saturis
1308 1403 1480 1437 Iuvenalis

142 1470 307 1500 versarer,
332 1459 443 1503 magis
469 1459 649 1504 magisque
674 1459 760 1493 mihi
786 1460 943 1504 persuasi
969 1471 1045 1494 eum
1064 1461 1169 1505 paulo
1188 1461 1302 1495 verius
1320 1465 1354 1496 et
1379 1473 1480 1496 accu-

142 1517 253 1552 ratius
278 1528 333 1552 res
359 1529 514 1559 narrare,
541 1529 644 1562 quam
671 1517 775 1563 vulgo
801 1518 963 1554 creditur.

260 1672 446 1714 Quaeritur
471 1677 552 1709 ante
578 1673 705 1715 omnia,
736 1677 884 1709 utrum
911 1674 1124 1710 facinora
1154 1675 1337 1710 omnino
1370 1688 1481 1711 nun—

143 1742 267 1774 quam
298 1731 534 1765 commissa
564 1732 738 1766 referat
769 1732 1005 1767 Iuvenalis
1036 1744 1180 1768 necne.
1232 1733 1327 1774 Quae
1352 1738 1391 1768 ut
1416 1733 1481 1767 fin-

142 1792 237 1831 geret
261 1793 375 1833 poeta,
401 1787 476 1824 fieri
501 1789 656 1834 potuisse
674 1789 775 1824 nobis
804 1790 1026 1825 statuendum
1044 1794 1097 1826 est
1113 1794 1175 1826 aut
1193 1791 1286 1836 quod
1305 1792 1483 1837 voluptate

142 1846 293 1891 quadam
319 1851 514 1882 versaretur
539 1848 575 1882 in
602 1846 746 1892 flagitiis
771 1848 1008 1884 describendis
1034 1853 1097 1884 aut
1122 1850 1215 1895 quod
1233 1850 1324 1885 risus
1343 1862 1478 1886 movere

142 1904 243 1938 vellet
268 1908 330 1939 aut
355 1905 449 1950 quod
475 1905 583 1949 gravi,
611 1917 681 1950 qua
706 1906 844 1950 gaudet,
871 1907 1016 1942 dictioni
1043 1911 1225 1952 quaereret
1250 1908 1414 1952 pondera.

257 1962 410 1998 Primum
436 1963 554 2008 igitur,
580 1975 648 2009 quo
674 1964 748 2000 iure
771 1964 967 2000 Iuvenalem
986 1965 1151 2001 delectari
1175 1966 1360 2001 narrandis
1377 1966 1481 2001 rebus

143 2020 336 2056 inhonestis
370 2021 529 2055 nonnulli
564 2022 709 2063 dicant‚¹
743 2022 981 2059 diiudicemus.
1032 2024 1150 2068 Ipsum
1185 2023 1291 2058 fuisse
1324 2025 1482 2059 moribus

260 2139 270 2155 ¹
291 2136 350 2167 cfr.
374 2137 417 2167 W.
439 2137 567 2166 Teuffelii
590 2136 665 2175 libri,
695 2138 744 2175 qui
771 2138 937 2168 inscribitur
963 2138 1093 2180 LStudien
1121 2138 1179 2168 und
1206 2137 1482 2170 Clnarakteristiken‘

142 2195 207 2223 pag.
229 2187 309 2215 423:
331 2187 380 2227 ‘Er
401 2187 498 2215 macht
520 2190 570 2222 (sc.
592 2188 631 2215 im
654 2187 832 2224 Gegensatze
852 2197 886 2216 zu
908 2188 1037 2225 Tacitus)
1065 2188 1117 2216 den
1146 2188 1301 2223 Eindruck,
1329 2190 1374 2218 als
1400 2190 1435 2218 ob
1455 2200 1485 2219 es

142 2234 202 2262 ihm
222 2243 297 2271 ganz
319 2234 470 2270 behaglich
493 2237 565 2263 ware
585 2235 613 2263 in
635 2235 728 2263 dieser
749 2232 959 2272 Atmosphiire?
1000 2236 1138 2264 Similiter
1165 2237 1198 2265 G.
1223 2237 1418 2266 Bernhardius
1439 2239 1484 2267 iu-

143 2281 220 2312 dicat
239 2282 407 2321 (Grundriss
428 2283 478 2313 der
498 2286 568 2313 rom.
590 2283 765 2313 Lit.-Gesch.
806 2285 834 2314 4.
851 2284 933 2320 Aust,
955 2294 1019 2322 pag,
1041 2286 1132 2322 609.):
1175 2286 1245 2327 (Das
1260 2289 1349 2315 wi'iste
1364 2287 1482 2317 Treiben

1265 2345 1306 2375 1*
