1779 2595
921 121 965 156 18

266 238 332 274 hoc
365 238 548 285 praedium
580 249 651 273 non
685 238 873 284 pretiosius
904 242 998 281 erat,
1029 242 1069 274 ut
1100 239 1175 285 ipse
1208 239 1322 274 iocose
1357 238 1476 281 dicit,¹
1502 250 1607 285 quam

265 298 463 344 prandium.
516 296 704 333 Praedium
737 297 841 333 Statii
875 297 949 333 sine
983 297 1090 333 dubio
1122 297 1235 333 simile
1269 300 1354 333 erat.
1404 297 1483 343 Ipse
1516 297 1608 333 enim

265 357 351 392 dicit
370 357 544 392 Albanum
572 368 672 391 suum
699 357 767 392 vile
793 357 898 392 fuisse
923 360 958 392 et
983 357 1058 392 sine
1082 357 1235 402 pecore'
1275 356 1346 392 Nee
1363 369 1443 393 vero
1461 356 1607 392 Romam

264 415 465 462 reliquisset
490 427 530 451 eo
556 419 721 461 tempore,
746 427 824 451 cum
851 427 985 451 summa
1010 415 1123 461 gloria
1138 414 1297 457 florebat,
1315 415 1382 451 nisi
1400 418 1607 462 paupertate

263 478 413 510 coactus.
465 474 566 516 Quod
600 475 636 508 iu
670 486 782 518 agone
815 473 1014 520 Capitolino
1046 473 1159 510 victus
1190 478 1276 516 erat,
1309 474 1415 509 huius
1448 475 1499 510 rei
1532 475 1607 510 sola

263 544 370 568 causa
402 535 495 568 certe
529 543 598 567 non
625 531 700 569 fuit.
751 532 875 578 Itaque
902 531 1076 568 Iuvenalis
1110 532 1216 568 verba
1241 532 1301 574 sic,
1326 535 1367 567 ut
1399 535 1490 573 sunt,
1516 533 1606 567 acci-

262 591 392 636 pienda
417 602 492 626 esse
518 590 630 632 credo,
664 602 877 636 quamquam
912 602 980 626 non
1013 602 1100 635 nego
1127 583 1326 643 ‘esuriendi’
1354 602 1469 626 vocem
1501 591 1606 626 nimis

261 660 404 693 gravem
430 651 533 683 esse-‘³
584 647 790 693 Quicunque
807 648 1025 693 aliquamdiu
1050 649 1088 683 in
1107 649 1282 683 Iuvenalis
1299 649 1512 683 carminibus
1530 660 1605 684 ver-

262 711 359 742 satus
386 709 448 748 est,
473 706 575 742 facile
599 706 780 752 intelleget
805 699 960 760 ‘esurire'
987 706 1053 742 hoe
1078 706 1154 742 loco
1180 706 1271 742 idem
1298 718 1372 743 esse
1404 710 1511 753 atque
1535 718 1605 742 non

261 766 401 806 habere,
427 765 520 800 unde
546 765 624 809 quis
650 765 791 805 Romae,
816 765 853 798 in
879 764 966 799 urbe
991 765 1063 805 illa,
1088 765 1149 800 ubi
1179 777 1235 800 res
1261 765 1449 800 vilissimae
1480 765 1605 800 vende-

262 823 392 858 bantur
423 834 555 858 summo
590 822 731 868 pretim*
764 822 870 858 vitam
904 822 1029 858 toleret
1063 822 1137 857 viro
1170 822 1308 858 erudito
1342 826 1376 858 et
1406 822 1604 858 hominibus

261 881 439 917 nobilibus
464 881 575 917 utenti
601 884 731 927 aptam.

755 958 826 994 Sat.
857 958 932 993 Vll.
962 960 1040 994 188.
1068 970 1118 1003 sq.

905 1025 997 1065 (Unde
1018 1025 1110 1061 igitur
1131 1027 1174 1054 tot

612 1073 810 1108 Quintilianus
830 1073 918 1101 habet
939 1073 1032 1101 saltus
1040 1069 1064 1102 ’.Υ

377 1153 511 1188 Nomen
530 1152 742 1194 Quintiliani
762 1165 788 1187 v.
812 1153 891 1186 186.
918 1151 1046 1197 legitur
1072 1163 1135 1197 pro
1162 1152 1318 1197 quolibet
1344 1152 1492 1188 rhetore.
1529 1153 1603 1188 Hoc

257 1212 310 1246 vel
337 1212 417 1246 inde
444 1215 600 1255 apparet,
629 1210 722 1254 quod
745 1221 814 1244 non
833 1210 875 1244 de
893 1214 987 1244 certo
1006 1210 1146 1244 homine
1164 1221 1275 1244 sermo
1294 1214 1357 1251 est,
1384 1211 1442 1245 sed
1461 1211 1601 1245 omnino

376 1331 384 1345 ¹
406 1327 456 1355 XI.
475 1327 519 1356 18.
535 1327 580 1355 25.
598 1335 639 1362 sq.
661 1325 721 1355 Cfr.
742 1326 829 1354 etiam
851 1325 939 1362 epigr.
965 1325 1012 1353 VI.
1028 1326 1074 1354 43.
1095 1327 1122 1355 4.
1144 1335 1220 1366 ‘casa
1241 1325 1388 1362 iugeribus
1409 1335 1464 1355 non
1485 1335 1602 1355 onerosa

255 1372 334 1405 suis?
356 1375 422 1404 VII.
445 1376 490 1403 31.
512 1375 539 1403 8.
560 1374 621 1414 ⁴Nil
642 1374 742 1409 nostri,
764 1373 819 1401 nisi
840 1382 894 1409 me,
916 1373 1013 1401 ferunt
1033 1370 1140 1410 agelli.'
1168 1374 1219 1402 IX.
1238 1374 1282 1402 18.
1303 1374 1330 1402 2.
1352 1383 1411 1413 Krus
1433 1371 1601 1403 minimum?

254 1425 290 1454 X.
313 1425 358 1454 58.
380 1425 407 1453 9.
429 1423 511 1465 kdura
532 1422 690 1451 suburbani
711 1422 812 1459 iugera
826 1417 910 1459 agri.'
932 1422 977 1451 94.
995 1422 1022 1451 4.
1044 1430 1104 1462 (nee
1125 1421 1215 1450 furem
1233 1421 1367 1459 plumbea
1382 1422 1458 1451 mala
1479 1419 1601 1452 timent.⁷

254 1474 321 1502 XlI.
344 1475 390 1502 57.
415 1474 439 1501 1.
461 1481 503 1508 sq.

550 1509 619 1549 kCur
640 1517 723 1544 saepe
744 1509 810 1536 sicci
832 1517 921 1544 parva
942 1517 1009 1536 rura
1030 1508 1166 1536 Nomenti

548 1558 706 1595 Laremque
735 1556 820 1587 villae
846 1555 992 1586 sordidum
1015 1558 1120 1594 petam,
1142 1552 1288 1595 quaeris?

372 1620 384 1636 2
404 1618 465 1646 (Ἰν.
488 1618 562 1645 Stat.
584 1617 647 1645 silv.
669 1616 720 1644 IV.
744 1617 770 1644 5.
795 1616 839 1644 13.
861 1624 902 1652 sq.

605 1664 675 1705 ‘Nos
697 1672 810 1700 parca
830 1663 918 1692 tellus
938 1663 1061 1700 pervigil
1083 1664 1112 1691 et
1133 1663 1211 1692 focus

605 1713 782 1749 Culmenque
802 1712 895 1741 multo
915 1712 1024 1741 lumine
1039 1711 1173 1741 sordid
1184 1721 1200 1740 u
1211 1721 1237 1741 m

646 1761 783 1789 Solantur
803 1762 1006 1797 exemptusque
1027 1762 1104 1789 testa

684 1808 739 1844 Qui
760 1808 844 1837 modo
865 1808 1011 1837 ferbuerat
1030 1808 1151 1846 Lyaeus.

623 1887 687 1916 Non
710 1887 790 1915 mille
811 1886 912 1915 balant
933 1886 1054 1924 lanigeri
1075 1895 1188 1924 gregem,

624 1935 697 1964 Neo
718 1944 830 1964 vacca
850 1935 928 1963 dulei
951 1935 1046 1971 mugit
1066 1935 1208 1972 adultero,

663 1984 807 2020 Unique
828 1983 968 2020 siquando
989 1983 1102 2012 canenti

700 2032 800 2061 Mutus
821 2041 890 2069 ager
911 2031 1025 2061 domino
1046 2028 1203 2062 reclamat.’

369 2094 381 2110 ³³
401 2092 461 2121 Cfr.
482 2091 520 2121 ib.
542 2091 596 2120 111.
622 2091 646 2119 1.
669 2091 715 2120 61.
737 2099 779 2127 sq.

484 2140 549 2181 (Ast
569 2149 632 2176 ego,
653 2138 816 2168 Dardaniae
836 2138 969 2176 quamvis
989 2138 1043 2166 sub
1063 2138 1185 2167 collibus
1206 2138 1296 2167 Albae

485 2190 547 2217 Rus
568 2188 714 2225 proprium
737 2188 892 2225 magnique
913 2187 994 2215 ducis
1016 2187 1087 2215 mihi
1110 2195 1225 2215 munere
1246 2196 1363 2215 currens

484 2237 571 2266 Unda
591 2237 669 2265 domi
690 2245 773 2265 curas
795 2236 917 2264 mulcere
938 2237 1091 2272 aestusque
1112 2235 1206 2263 levare

484 2286 664 2323 Sufficerent,
687 2309 692 2315 .
716 2308 721 2315 .
745 2308 751 2314 .
775 2281 791 2315 .'

366 2348 378 2364 ⁴
398 2346 461 2376 Csr.
484 2346 546 2375 Iuv.
568 2345 621 2374 111.
647 2345 710 2374 165.
734 2352 776 2381 sq.
