1779 2595
909 106 956 140 40

781 221 852 256 Sat.
879 221 921 255 X.
950 223 1006 256 85.
1032 233 1083 267 sq.

842 298 1010 340 ‹Curramus
1030 299 1198 336 praecipites
1218 301 1247 328 et

512 347 589 375 Dum
610 347 683 376 iacet
702 347 731 375 in
753 348 824 384 ripa,
845 348 986 376 calcemus
1007 347 1137 376 Caesaris
1158 348 1278 377 hostem.

511 395 568 423 Sed
589 395 705 424 videant
725 396 808 432 servi,
830 404 864 424 ne
884 396 948 432 quis
968 397 1054 432 neget
1074 398 1102 424 et
1122 395 1258 432 pavidum
1280 396 1310 425 in
1333 396 1378 425 ius

511 443 626 473 Cervice
646 444 784 473 obstricta
804 444 949 473 dominum
971 439 1087 473 trahat'.

376 540 476 576 Talia
508 540 615 577 fuisse
648 553 767 576 revera
798 541 925 575 civium
959 541 1064 577 verba
1096 552 1196 576 nemo
1229 554 1334 576 sanus
1368 541 1494 583 credit3
1532 541 1599 577 hoc

262 610 370 632 unum
396 599 596 643 quaeritur,
630 603 764 640 utrum,
798 611 860 634 cur
891 599 943 634 ita
974 599 1198 644 loquerentur
1230 600 1320 634 cives
1350 599 1538 635 habuerint
1562 603 1599 635 et·

259 656 429 691 eiusmodi
453 657 558 692 verba
584 668 642 691 eos
660 657 789 692 dixisse
807 657 860 692 vel
877 657 1048 702 cogitasse
1065 657 1249 693 verisimile
1266 657 1322 699 sit,
1347 669 1392 692 an
1410 656 1465 692 his
1483 657 1598 692 verbis

258 714 348 749 falsa
373 718 569 760 temporum
595 715 736 750 illorum
762 716 896 750 oriatur
921 716 1046 759 imago.
1097 715 1211 760 Atque
1236 715 1322 760 quin
1347 715 1413 751 hoc
1437 715 1513 751 loco
1538 716 1599 750 Ti-

258 772 376 807 berius
393 772 516 808 acerbe
534 776 682 815 notetur,
701 773 857 809 dubitari
872 773 1002 819 nequit,
1019 784 1230 819 quamquam
1244 773 1449 820 Freytagius
1463 776 1597 818 negat.¹

260 830 389 882 ‘Turba
419 824 530 866 Remi'
568 836 691 876 poetae
729 831 882 866 ludibrio
921 835 983 872 est,
1021 831 1082 867 sed
1117 831 1256 866 Tiberio
1294 831 1436 866 minime
1473 831 1597 877 parcit.

259 891 374 934 Atque
399 889 555 924 versibus
581 889 652 924 illis
678 901 755 924 mea
780 889 953 925 sententia
977 889 1063 924 haec
1081 889 1339 934 vituperantur:
1370 889 1520 934 primum
1545 888 1599 924 di-

259 947 359 981 cendi
384 946 606 991 faciendique
631 947 697 982 sub
723 947 862 982 Tiberio
880 947 1024 982 libertas
1041 947 1144 981 nimis
1167 948 1325 988 coercita,
1351 951 1426 982 tum
1443 947 1600 992 pericula

259 1004 409 1039 dominis
435 1004 481 1039 ab
506 1004 593 1049 ipsis
619 1005 727 1039 servis
752 1004 979 1039 imminentia.
1024 1004 1183 1040 Libertas
1201 1008 1318 1039 autem
1335 1003 1599 1050 opprimebatur

258 1066 292 1097 et
318 1062 514 1098 delatorum
538 1062 854 1098 machinationibus
880 1067 914 1098 et
939 1062 1047 1108 ipsius
1073 1062 1241 1108 principis
1266 1063 1466 1108 asperitate.

374 1121 449 1155 Iam
482 1124 675 1165 spectemus
710 1121 747 1155 id
779 1121 893 1166 ipsum
927 1124 1080 1165 tempus,
1120 1120 1162 1155 de
1195 1132 1263 1165 quo
1301 1120 1376 1165 agit
1412 1120 1597 1155 Iuvenalis.

258 1178 374 1223 Atque
400 1177 517 1213 Seiani
542 1178 742 1223 proditione
768 1178 913 1220 detecta,
951 1179 981 1213 si
1006 1178 1164 1212 Tacitum
1197 1181 1232 1213 et
1256 1178 1402 1213 Dionem
1437 1181 1597 1213 auctores

258 1236 445 1282 sequimur,
472 1237 803 1282 periculosissimum
830 1240 905 1273 erat
930 1237 1024 1272 illius
1042 1236 1108 1271 viri
1133 1236 1283 1272 amicum
1309 1248 1383 1273 esse
1407 1236 1461 1272 vel
1478 1235 1599 1272 videri.

258 1294 347 1329 Nam
381 1299 416 1330 et
440 1295 617 1331 Tiberius²
649 1299 683 1330 et
708 1297 866 1330 senatus³
892 1299 926 1330 et
952 1295 1102 1339 vulgus,⁴
1133 1295 1224 1329 alius
1256 1295 1329 1330 alia
1354 1294 1396 1330 de
1421 1306 1537 1336 causa,
1561 1295 1599 1329 in

258 1353 375 1389 Seiani
399 1352 591 1389 familiares
616 1353 950 1389 animadvertebant.
1000 1352 1072 1388 Nec
1106 1352 1260 1395 deerant,
1296 1352 1356 1398 qui
1389 1352 1506 1398 palam
1539 1364 1600 1398 pe-

258 1412 414 1447 stiferam
457 1412 556 1447 illam
602 1412 792 1447 amicitiam
834 1411 1097 1447 dissimularent
1142 1411 1416 1456 simularentque
1452 1411 1600 1446 odium.⁵

376 1560 385 1575 ¹
407 1557 465 1586 Cfr.
481 1557 628 1594 Freytagii
644 1558 784 1598 tTiberius
806 1557 863 1585 und
877 1554 1004 1585 Tacitus’
1025 1566 1091 1593 pag.
1114 1557 1179 1586 345.
1202 1566 1243 1593 sq.
1271 1557 1342 1597 (Ans
1361 1556 1455 1585 diesen
1477 1556 1602 1584 Aensse-

257 1613 367 1641 rungen
401 1613 499 1633 unsers
526 1605 660 1634 Dichters
692 1605 816 1633 konnten
848 1604 893 1633 die
921 1604 1117 1641 prinzipiellen
1147 1603 1355 1641 Vcrdiichtiger
1385 1603 1435 1632 des
1468 1603 1600 1632 Tiberius

259 1654 417 1692 moglicher
438 1654 532 1683 Weise
559 1654 679 1691 Kapital
706 1663 798 1691 gegen
826 1654 876 1682 ihn
904 1663 940 1682 zu
966 1653 1102 1690 schlagen
1130 1653 1284 1682 versuchen
1307 1676 1429 1683 .....
1471 1652 1534 1681 Wie
1554 1652 1601 1682 die

258 1703 322 1731 dem
351 1703 453 1731 Kaiser
480 1702 561 1731 nicht
587 1702 680 1731 direkt
712 1702 903 1731 verfeindeten
932 1702 1131 1739 Zeitgenossen
1158 1711 1189 1730 so
1217 1702 1269 1730 hat
1298 1701 1372 1730 auch
1406 1700 1456 1729 der
1481 1701 1601 1730 Dichter

256 1751 380 1790 geffiblt,
402 1750 468 1780 dass
483 1751 533 1780 der
547 1751 649 1780 Kaiser
663 1760 717 1780 nur
731 1760 766 1780 zu
789 1750 931 1780 bedauern
953 1759 1020 1780 war.
1048 1749 1235 1787 Uebcrhaupt
1254 1750 1345 1787 giesst
1365 1749 1485 1779 Iuvenal
1505 1749 1600 1779 seinen

257 1811 312 1830 nur
332 1810 368 1830 zu
389 1800 584 1838 bereehtigten
606 1801 678 1830 Zorn
700 1800 931 1830 ausschliesslich
952 1800 1021 1829 iiber
1042 1799 1093 1829 das
1114 1799 1179 1829 feile
1199 1799 1339 1828 romische
1360 1799 1434 1828 Volk
1455 1794 1526 1828 aue.³

376 1861 387 1878 ²
409 1859 468 1889 Cfr.
496 1859 561 1889 Tac.
588 1867 653 1889 ann.
682 1859 732 1888 VI.
756 1860 799 1889 19.
833 1859 1038 1900 ⁴Inritatusque
1059 1858 1207 1895 suppliciis
1232 1859 1282 1895 (sc.
1308 1857 1451 1893 Tiberius)
1472 1858 1601 1893 cunctos,

257 1908 305 1944 qui
326 1916 435 1936 carcere
460 1907 658 1936 attinebantur
677 1907 803 1936 accusati
823 1907 968 1936 societatis
989 1916 1052 1935 cum
1071 1906 1182 1942 Seiano,
1202 1906 1298 1934 necari
1318 1905 1407 1935 iubet.
1448 1905 1599 1942 Iacuitque

256 1957 397 1985 immensa
407 1958 529 1994 strages,
542 1956 634 1984 omnis
645 1965 736 1993 sexus,
748 1956 839 1984 omnis
850 1957 939 1991 aetas,
954 1955 1080 1984 illustres
1090 1954 1239 1992 ignobiles,
1253 1953 1373 1990 dispersi
1384 1955 1436 1982 aut
1446 1950 1598 1991 aggerati?

377 2017 389 2034 ³
409 2014 469 2045 cfr.
491 2014 601 2044 Stahrii
622 2011 772 2056 ‘Tiberius'
794 2024 859 2052 pag.
881 2015 947 2044 237.

376 2075 388 2092 ⁴
408 2073 467 2103 Cfr.
490 2074 525 2102 D.
547 2073 626 2102 Cass.
650 2075 695 2103 58.
719 2075 763 2102 12.
806 2070 841 2113 ΓΟ
861 2084 894 2100 τε
920 2069 977 2110 γὰρ
1006 2071 1097 2107 δῆμος
1124 2073 1153 2099 εἲ
1175 2070 1233 2099 πού
1254 2082 1321 2098 τινα
1342 2071 1403 2098 τῶν
1422 2073 1498 2108 μέγα
1518 2067 1600 2108 παρὰ

255 2122 300 2159 τῷ
321 2121 443 2159 Σηιανῷ
464 2121 658 2158 δυνηθέντων
678 2125 725 2150 καὶ
747 2118 784 2151 διἸ
806 2118 897 2149 ‹zi-rim
916 2117 1105 2159 ὑβρισάντων
1125 2132 1154 2148 τι
1176 2119 1262 2154 εἶδεν,
1285 2115 1440 2158 ἐφόνευεν.)

374 2184 386 2201 ⁵
407 2182 465 2212 Cfr.
492 2182 528 2211 D.
550 2181 630 2211 Cass,
653 2183 698 2212 58.
722 2183 766 2211 10.
796 2178 895 2222 ιἌλλοι
921 2178 977 2216 τὴν
1004 2179 1105 2218 φιλίαν
1131 2176 1187 2215 τὴν
1207 2176 1279 2217 πρὸς
1306 2175 1396 2207 αὐτὸν
1423 2175 1601 2216 ἐπηλυγαζό-

254 2241 341 2267 μενοι
356 2253 361 2259 .
378 2253 384 2258 .
401 2252 405 2258 .
423 2252 428 2257 .
443 2232 495 2258 καί
505 2240 583 2259 τινες
596 2232 644 2257 καὶ
659 2228 863 2264 ἐξανέστησαν
881 2228 943 2256 τῶν
964 2228 1200 2267 συγκαθημένων
1220 2223 1308 2262 αὐτῷ’
1330 2227 1379 2264 (sc.
1399 2234 1465 2255 cum
1481 2225 1603 2262 epistola

256 2279 362 2308 Tiberii
389 2279 581 2316 recitaretur);
608 2279 645 2308 ib.
676 2279 720 2308 14.
763 2274 915 2319 ίΈμήνυον
943 2276 975 2306 δὲ
1004 2274 1040 2313 δὴ
1073 2276 1167 2305 ταῦτα
1196 2272 1277 2304 ἄλλοι
1309 2286 1343 2304 τε
1374 2278 1423 2303 καὶ
1458 2270 1542 2303 αὐτοὶ
1574 2274 1603 2303 οἱ

253 2326 385 2364 μάλιστα
406 2325 459 2355 τὸν
480 2324 612 2362 Σηιανὸν
632 2323 868 2364 θεραπεύοντες)
