1779 2595
924 70 946 104 2

260 194 324 229 pro
350 183 494 220 iuvenili
520 187 636 221 tamen
662 188 763 231 parte
788 196 932 232 operam
958 185 1139 222 navavisse
1164 190 1270 233 atque
1296 186 1443 223 fortasse
1467 185 1603 233 aliquid

260 242 304 277 ad
331 244 582 279 accuratiorem
608 249 731 290 poetae
757 244 990 289 cognitionem
1017 245 1204 281 contulisse
1229 246 1372 281 iuvabit.

378 301 493 346 Atque
518 302 553 336 in
581 302 648 336 hac
678 302 882 347 quaestione
916 303 1090 337 Iuvenalis
1123 314 1229 347 opera
1262 304 1311 338 sic
1341 303 1428 339 mihi
1454 303 1601 345 vindico,

260 362 299 394 ut
324 359 457 394 tradita
483 363 572 394 sunt.
626 359 703 395 Non
736 360 787 395 ita
819 371 919 402 sane,
954 364 993 395 ut
1026 360 1284 396 emendationes
1320 373 1342 397 a
1375 361 1458 397 viris
1491 361 1601 397 doctis

258 418 456 463 propositas
474 418 657 463 causisque
675 419 761 453 satis
778 418 1020 464 probabilibus
1038 418 1194 454 firmatas
1212 430 1376 465 asperner
1393 423 1455 456 aut
1471 431 1600 461 versus,

258 487 345 521 quos
380 476 518 521 spurios
552 488 625 512 esse
657 476 878 512 manifestum
913 480 980 518 est,
1015 489 1163 518 servem3
1203 477 1263 512 sed
1293 477 1329 512 iu
1355 478 1553 512 universum
1578 490 1600 513 a

257 534 368 569 forma
401 534 505 569 solita
538 546 607 569 non
641 534 827 571 discedam.
880 535 1171 581 Interpolationes
1203 536 1389 581 praecipue
1419 535 1493 571 sine
1519 547 1600 580 gra-

257 592 406 626 vissimis
432 593 649 636 argumentis
676 605 745 627 non
772 596 926 628 statuere
944 594 981 627 in
999 594 1117 628 animo
1144 597 1203 629 est.
1247 593 1335 628 Nam
1354 598 1599 639 praeterquam
1650 616 1652 618 ·

256 649 348 695 quod
384 649 479 685 haud
519 651 666 686 multum
706 655 916 697 superesset,
961 651 990 686 si
1029 663 1146 687 omnes
1184 652 1277 687 locos
1315 663 1337 687 a
1375 652 1523 697 singulis
1561 652 1597 687 in

255 708 487 754 suspicionem
513 713 652 745 vocatos
679 710 881 752 mitterem,¹
906 710 943 745 in
970 710 1044 751 tali,
1071 710 1209 756 qualem
1228 722 1291 755 ego
1309 710 1465 752 instituo,
1492 722 1598 755 quae-

255 767 368 810 stione
401 778 528 812 anceps
561 770 596 802 et
628 767 801 802 lubricum
836 771 888 803 est
921 768 993 803 alia
1026 780 1174 809 servare,
1208 769 1280 803 alia
1309 780 1373 813 pro
1400 768 1597 803 subditiciis

253 834 438 860 removere.
491 825 671 860 Facillime
704 825 794 860 enim
821 824 871 867 fit,
905 829 945 861 ut
973 826 1032 868 eis,
1068 826 1196 872 quibus
1228 825 1427 862 confirmari
1461 826 1597 862 videtur

253 884 372 929 opinio
398 883 647 929 praeiudicata,
673 884 926 929 indulgeamus,
961 896 1012 926 ea,
1044 897 1132 930 quae
1157 885 1272 920 minus
1299 884 1492 930 quadrant,
1523 885 1596 921 acri

252 953 399 977 censura
425 954 595 977 vexemus.
640 942 696 977 Sic
714 942 884 977 iudicium
902 946 1129 988 extorquetur
1146 943 1263 988 potius
1288 955 1391 988 quam
1409 943 1594 978 invenitur.

370 1001 533 1036 Attamen
560 1001 741 1035 materiam
768 1001 959 1036 artioribus
985 1001 1143 1036 terminis
1166 1001 1461 1046 circumscriptam
1481 1002 1592 1037 velim.

251 1058 437 1093 Extremae
459 1059 549 1092 enim
569 1062 720 1099 saturae,
745 1059 901 1093 omnium
919 1059 1056 1094 circiter
1073 1059 1179 1094 tertia
1196 1071 1288 1104 pars,
1314 1070 1336 1093 a
1353 1059 1475 1094 ceteris
1494 1059 1594 1094 valde

250 1115 426 1151 differunt.
481 1116 576 1158 Quas
602 1116 680 1152 ideo
707 1129 775 1152 non
802 1128 876 1152 esse
907 1117 1162 1159 Iuvenafianas,
1188 1117 1353 1162 quoniam
1380 1118 1594 1163 provectiore

249 1179 365 1210 aetate
391 1176 567 1220 ingenium
593 1180 717 1221 poetae
735 1176 834 1221 quasi
853 1175 1109 1221 quodammodo
1127 1176 1328 1212 hebetatum
1355 1187 1428 1211 esse
1445 1176 1592 1221 cogitari

248 1234 339 1275 licet,
367 1245 435 1268 non
463 1233 711 1268 contenderim.
764 1234 845 1269 Alia
870 1234 962 1269 enim
989 1234 1054 1268 viri
1079 1233 1214 1275 fervidi,
1244 1234 1315 1269 alia
1341 1234 1432 1269 senis
1458 1235 1593 1280 garruli

248 1296 281 1327 et
315 1292 443 1327 morosi
475 1296 527 1327 est
559 1295 697 1327 natura.
756 1292 902 1327 Duabus
932 1297 1047 1327 autem
1087 1292 1129 1328 de
1162 1292 1277 1327 causis
1309 1297 1480 1328 extremas
1511 1293 1591 1328 illas

246 1354 383 1385 saturas
409 1350 607 1395 praecludo.
660 1350 815 1384 Primum
841 1350 933 1385 enim
959 1362 1001 1384 ex
1027 1350 1077 1385 eis
1104 1350 1193 1385 nihil
1218 1349 1298 1391 fere,
1325 1362 1437 1395 neque
1454 1350 1496 1385 de
1514 1362 1592 1396 per-

246 1408 341 1443 sonis
368 1419 481 1453 neque
506 1408 548 1443 de
573 1408 686 1449 rebus,
713 1407 892 1450 docemur3
918 1411 1003 1449 tum,
1030 1420 1120 1453 quae
1138 1408 1278 1453 gravior
1304 1412 1356 1444 est
1382 1420 1497 1449 causa,
1523 1409 1591 1444 nisi

245 1478 303 1501 eas
330 1478 552 1508 secernerem,
580 1467 779 1502 universum
807 1466 849 1501 de
874 1470 978 1512 poeta
1003 1467 1182 1508 iudicium,
1214 1467 1298 1512 quia
1332 1471 1479 1513 utraque
1508 1479 1590 1513 pars

244 1537 342 1560 suam
368 1524 508 1570 flagitat
532 1525 822 1567 aestimationem,
847 1526 1123 1571 perturbaretur.
1166 1525 1335 1561 Personas
1359 1525 1527 1561 habemus
1553 1526 1588 1561 in

244 1588 398 1618 extrema
425 1588 623 1619 saturarum
658 1588 758 1629 parte
791 1588 916 1629 poetae
948 1583 1018 1619 fere
1044 1584 1208 1629 aequales
1233 1588 1372 1629 praeter
1397 1596 1465 1625 eas,
1499 1596 1589 1629 quae

242 1654 285 1677 ex
319 1642 496 1688 prioribus
530 1645 751 1688 repetuntur,
784 1642 953 1677 Rutilium
989 1642 1162 1678 Gallicum
1198 1641 1295 1677 XIII.
1334 1644 1412 1677 157.
1448 1647 1482 1678 et
1519 1643 1589 1679 Va-

242 1701 384 1745 gellium
403 1700 499 1735 XIII.
523 1703 614 1743 119„
632 1701 726 1737 XVI.
746 1703 803 1736 23.
824 1713 931 1737 novas
949 1704 1065 1746 atque,
1088 1713 1300 1746 quamquam
1320 1701 1442 1743 obiter,
1470 1705 1587 1743 notas3

241 1759 283 1793 de
310 1759 454 1803 reliquis
481 1758 571 1793 nihil
596 1759 785 1794 memoriae
811 1758 979 1794 traditum
1007 1763 1068 1793 est.
1121 1758 1353 1793 Nominantur
1379 1759 1470 1794 enim
1497 1759 1588 1794 Pho-

241 1817 295 1852 lus
322 1816 401 1852 XII.
430 1818 500 1858 45„
526 1817 677 1853 Gallitta
694 1816 773 1852 XII.
794 1818 862 1859 99„
889 1817 1034 1853 Paccius
1052 1817 1109 1859 ib„
1136 1816 1267 1852 Novius
1286 1816 1363 1852 XII.
1387 1819 1452 1852 111
1467 1844 1475 1859 ‚
1502 1817 1588 1852 Fae-

240 1876 349 1911 sidius
368 1876 463 1910 XIII.
483 1877 551 1917 32„
573 1876 758 1921 Philippus
772 1875 869 1910 XIII.
894 1878 985 1917 125,
1004 1876 1143 1911 Rutilus
1157 1876 1252 1910 XIV.
1276 1878 1342 1917 18„
1361 1876 1476 1920 Larga
1490 1875 1585 1911 XIV.

239 1935 305 1975 25„
335 1933 519 1968 Cretonius
548 1933 641 1969 XIV.
673 1935 739 1974 86„
768 1934 909 1968 Laelius
928 1933 1021 1969 XIV.
1044 1935 1122 1969 195.
1165 1933 1236 1968 Nec
1253 1945 1343 1975 vero,
1369 1934 1429 1978 qui
1448 1933 1587 1975 fuerint,

237 1992 385 2028 multum
411 1992 564 2028 interest.
617 1992 667 2027 De
699 1992 801 2028 rebus
833 2004 939 2037 porro
972 1992 1067 2027 illius
1099 1992 1265 2038 temporis
1295 1995 1331 2027 et
1356 1992 1527 2028 institutis
1553 1996 1587 2028 et

238 2051 394 2085 moribus
420 2062 530 2095 paene
556 2050 646 2084 nihil
673 2051 856 2091 discimus3
889 2062 928 2085 eo
961 2051 1100 2085 uberius
1134 2063 1188 2085 res
1215 2051 1297 2085 olim
1324 2055 1441 2094 gestae
1474 2054 1508 2085 et
1533 2050 1586 2085 fa-

235 2108 339 2144 bulae
366 2112 575 2144 tractantur.
628 2108 682 2143 Ex
709 2112 830 2144 satura
856 2108 951 2144 XIV.
977 2107 1171 2144 afferantur
1197 2108 1300 2143 haec:
1336 2107 1488 2144 Catilina
1514 2110 1584 2150 41„

355 2248 362 2262 ¹
384 2245 466 2274 Unus
488 2244 520 2273 Ο.
543 2245 715 2273 Ribbeckius
742 2246 811 2281 (Der
838 2245 919 2273 colito
946 2245 1004 2273 und
1026 2245 1076 2273 der
1105 2245 1225 2273 unochtc
1246 2245 1377 2281 Iuvenal)
1408 2247 1523 2274 saturas
1544 2245 1582 2275 X.

233 2294 300 2323 XII.
322 2294 405 2322 XIII.
428 2293 506 2323 XIV.
522 2293 585 2323 XV.
604 2293 682 2322 XVI.
706 2295 734 2323 ct
754 2295 912 2323 ceterarum
936 2294 1043 2322 multas
1065 2295 1161 2331 partes
1181 2293 1218 2323 ab
1240 2294 1376 2323 Iuvenale
1396 2294 1581 2324 abiudicavit.
