1779 2595
892 74 939 107 28

244 185 489 233 Quadruplum
515 187 606 222 enim
633 188 718 230 eius,
744 188 838 234 quod
856 192 1058 234 rapuerant,
1083 189 1307 225 vexatoribus
1333 190 1588 236 provinciarum

243 249 319 280 erat
356 246 618 282 restituendum.
684 248 808 292 Itaque
847 248 980 282 Marius
1018 248 1197 283 Weidneri
1241 244 1413 283 sententia
1453 248 1591 283 circiter

242 305 372 338 40000
406 316 602 338 marcarum
644 309 784 339 nostrae
821 306 989 350 pecuniae
1027 318 1068 341 ex
1104 306 1221 340 Africa
1254 306 1435 351 provincia
1466 306 1588 351 coegit.

242 361 310 397 Sed
337 361 402 397 hoc
428 366 519 398 certe
545 362 666 398 fuisset
702 363 920 409 proconsulis
954 363 1142 399 admodum
1175 364 1273 400 lonis.
1325 365 1438 399 Paene
1469 377 1587 400 verum

241 420 331 454 vidit
350 420 502 462 Weber‚¹
521 421 579 455 sed
599 422 806 456 sententiam
824 426 965 456 senatus
988 427 1022 456 et
1040 422 1247 457 sententiam
1266 422 1407 467 Pompei
1427 422 1589 467 Collegae

242 479 371 513 miscet.
425 478 526 520 Quod
552 479 644 514 idem
671 479 852 515 Sieboldus
869 481 882 501 2
933 479 1020 515 Nam
1041 480 1156 522 verba,
1182 492 1272 526 quae
1289 479 1401 522 affert,
1427 485 1587 526 spectant

241 537 288 571 ad
314 538 521 573 sententiam
549 537 720 583 Collegae,
747 551 814 573 non
842 538 886 573 ad
914 543 1055 574 senatus
1081 540 1288 574 consultum.
1335 539 1476 584 Mayor³
1501 532 1588 584 quo-

242 607 310 639 que
338 595 487 629 Marium
515 600 654 641 praeter
680 596 742 631 illa
768 597 990 642 septingenta
1008 597 1120 632 millia
1140 597 1228 631 nihil
1247 596 1413 643 pecuniae
1431 597 1589 632 amisisse

242 657 353 698 putat.

360 712 536 747 Iuvenalis
561 712 681 756 igitur,
714 713 779 747 etsi
806 713 936 748 iustum
963 713 1147 748 discrimen
1182 725 1252 748 non
1278 713 1372 754 facit,
1405 717 1590 758 utrumque

244 770 348 805 Marii
374 770 550 815 significat
575 771 695 806 scelus.
750 771 871 807 Miscet
903 772 993 806 enim
1021 772 1247 825 Kprovinciam
1277 764 1484 818 plorantem'
1511 784 1587 807 cum

241 841 354 873 poena
379 829 612 873 relegationis,
647 841 736 873 quae
769 842 823 865 res
855 830 947 864 inter
981 842 1018 864 se
1048 842 1117 864 non
1151 830 1347 865 cohaerent.
1407 830 1473 865 Sed
1507 830 1589 870 illis,

243 886 371 931 quibus
398 891 551 921 saturam
579 887 729 932 scripsit,
764 887 980 932 temporibus
1006 899 1060 922 res
1087 888 1123 921 in
1150 888 1303 923 omnium
1331 888 1456 923 animis
1482 887 1589 922 fuerit

242 956 381 980 necesse
407 949 468 980 est.
521 946 644 990 Itaque
670 946 826 981 Iuvenali
865 958 934 981 non
970 945 1139 981 obiectari
1164 950 1289 991 potest,
1323 946 1417 991 quod
1443 946 1587 991 paulum

242 1003 388 1038 obscure
415 1004 579 1048 loquitur.
633 1005 746 1049 Atque
774 1004 879 1039 verba
905 1004 978 1039 eius
1005 1004 1090 1049 quid
1117 1005 1185 1039 sibi
1211 1004 1329 1045 velint,
1356 1004 1426 1038 iam
1451 1004 1587 1039 intelle-

243 1062 375 1107 gimus:
411 1055 532 1115 ‘inani'
560 1062 653 1107 quod
679 1074 792 1108 poena
818 1074 887 1097 non
913 1062 1111 1107 adaequata
1137 1066 1213 1098 erat
1239 1062 1437 1103 sceleribus
1471 1062 1588 1115 (salvis

243 1113 405 1154 nummis'
433 1120 526 1165 quod
552 1121 727 1165 relegatus
753 1124 805 1155 est
831 1121 931 1155 bonis
959 1132 1027 1155 non
1054 1120 1235 1165 ademptis,
1279 1120 1375 1161 Quae
1401 1120 1587 1165 explicatio

242 1178 502 1223 simplicissima
528 1183 580 1213 est
606 1183 640 1213 et
666 1190 721 1213 res
747 1179 889 1213 omnino
916 1191 1007 1213 vera.
1051 1178 1213 1214 Ceterum
1239 1178 1587 1223 praetermittendum

242 1248 312 1270 non
340 1240 392 1270 est
418 1236 549 1271 iudices
575 1237 781 1282 plerumque
807 1237 892 1271 satis
919 1237 1037 1272 mitem
1063 1236 1340 1271 aestimationem
1366 1235 1487 1271 fecisse
1507 1248 1587 1281 pro-

242 1294 374 1329 vincias
392 1294 526 1330 scilicet
543 1295 572 1329 si
591 1295 705 1330 minus
724 1295 852 1336 vexari,
879 1298 994 1329 tamen
1013 1294 1133 1339 aliquo
1152 1294 1253 1329 modo
1272 1294 1417 1339 spoliari
1435 1305 1585 1339 aequum

242 1365 315 1388 esse
341 1356 446 1388 ratos.
499 1353 643 1388 Accedit
669 1353 762 1398 quod
789 1353 939 1388 Marium
966 1365 1034 1387 non
1068 1357 1143 1387 tota
1168 1352 1358 1398 provincia,
1393 1352 1453 1387 sed
1486 1352 1588 1387 multi

242 1411 371 1457 privati
398 1411 637 1453 accusabant‚⁴
664 1423 734 1457 qua
760 1423 798 1447 re
824 1411 1033 1447 aestimandi
1068 1422 1194 1446 munus
1227 1410 1413 1446 admodum
1447 1409 1589 1445 difficile

242 1474 327 1506 erat.
387 1471 480 1506 Satis
512 1471 624 1506 multa
657 1471 815 1516 exempla
849 1474 1006 1512 exstant,
1049 1470 1175 1515 quibus
1210 1470 1372 1505 docemur
1406 1473 1587 1505 vexatores

242 1529 512 1574 provinciarum,
539 1529 603 1564 etsi
630 1529 868 1574 quadruplum
885 1529 1060 1563 aestimati
1079 1528 1264 1569 solverant,
1290 1532 1408 1563 tamen
1430 1528 1587 1572 ingentes

242 1600 285 1623 ex
311 1591 415 1632 raptu
442 1587 582 1622 divitias
608 1587 803 1623 retinuisse.
856 1586 968 1621 Notus
1002 1590 1054 1622 est
1079 1586 1232 1627 Licinus,
1265 1590 1407 1621 vexator
1439 1586 1586 1621 Galliae.

359 1656 483 1700 Itaque
508 1667 558 1696 ea,
585 1667 674 1699 quae
696 1655 871 1689 Iuvenalis
899 1659 1030 1695 narrat,
1057 1658 1149 1688 recte
1175 1666 1210 1688 se
1236 1653 1384 1688 habent:
1419 1653 1586 1687 iudicium

242 1714 346 1748 nimis
372 1714 449 1749 lene
475 1717 568 1755 erat;
597 1713 729 1748 Marius
755 1713 857 1748 bonis
884 1724 953 1748 non
980 1712 1151 1758 ademptis
1176 1712 1213 1746 in
1240 1712 1345 1747 exilio
1360 1711 1490 1747 divitiis
1516 1711 1585 1746 frui

362 1832 371 1847 ¹
392 1829 516 1870 ¹Plinius
538 1831 605 1865 sagt
626 1829 837 1864 ausdrucklich,
867 1829 910 1857 bei
933 1828 982 1856 der
1004 1828 1098 1856 Strafe
1124 1828 1174 1856 der
1195 1828 1376 1864 Erpressung
1400 1844 1434 1847 —
1456 1836 1485 1855 er
1507 1827 1588 1855 hatte

242 1878 293 1907 das
316 1878 466 1907 Vierfache
487 1877 536 1906 des
557 1878 781 1915 abgesehatztcn
803 1876 948 1916 Schadens
976 1886 1011 1905 an
1034 1876 1078 1905 die
1100 1875 1298 1905 Provincialen
1321 1876 1414 1912 erlcgt
1435 1893 1470 1897 —
1493 1875 1537 1905 die
1558 1885 1588 1905 er

243 1927 328 1956 sehon
351 1927 512 1964 erstanden,
535 1927 607 1955 habe
629 1936 658 1955 cs
679 1927 738 1955 sein
762 1926 916 1955 Bewenden
941 1921 1094 1954 behalten.‘

360 1989 371 2004 ‘2
394 1986 545 2022 Leguntnr
565 1985 640 2022 apud
662 1995 726 2013 eum
749 1985 832 2013 haec:
868 1984 1036 2025 ‘Uebrigens
1058 1983 1155 2011 deutct
1174 1983 1248 2011 auch
1269 1983 1382 2011 Plinius
1403 1983 1508 2012 darauf
1526 1983 1586 2020 hin,

242 2035 309 2063 dass
331 2034 376 2063 dic
398 2035 461 2071 Art,
483 2035 535 2063 wie
556 2034 666 2063 Marius
688 2033 811 2062 bestraft
832 2032 938 2069 wurdc,
960 2033 1015 2061 mit
1036 2032 1129 2060 seinen
1153 2031 1336 2069 begangenen
1350 2032 1586 2061 Uninenschlich-

242 2085 335 2113 keiten
368 2085 395 2112 in
429 2084 537 2112 keinem
571 2083 770 2112 Verhaltnisse
802 2082 894 2111 steh'e:
926 2091 955 2110 er
983 2083 1072 2110 nennt
1099 2081 1150 2110 das
1175 2081 1289 2117 Votum,
1317 2081 1436 2109 welches
1457 2081 1516 2109 i'nm
1541 2081 1586 2109 die

242 2133 337 2162 Strafe
358 2133 502 2169 diktierte,
523 2133 584 2160 eine
605 2132 758 2173 ‘sententia
779 2131 898 2159 solutior
919 2132 948 2159 et
969 2126 1110 2160 mollior’.’

361 2193 373 2209 ³
394 2191 472 2220 Dicit
492 2191 581 2219 enim:
603 2190 695 2232 (After
710 2199 726 2219 a
740 2190 757 2219 3
773 2189 852 2227 ‘lays'
867 2189 936 2218 trial
951 2189 973 2217 it
989 2198 1047 2217 was
1062 2187 1188 2224 doereed,
1203 2187 1269 2216 that
1283 2187 1331 2216 the
1347 2188 1403 2217 700
1411 2189 1468 2218 000
1483 2186 1586 2216 should

243 2241 276 2270 be
297 2240 364 2278 paid
386 2241 447 2268 into
470 2240 518 2268 the
539 2242 680 2276 treasury,
701 2239 758 2268 and
780 2239 846 2267 that
867 2238 977 2267 Marius
998 2237 1102 2266 should
1125 2237 1158 2265 be
1179 2236 1316 2265 banishcd
1338 2236 1411 2264 from
1432 2233 1528 2273 Italy?

360 2301 371 2317 ⁴
393 2298 451 2326 Cfr.
475 2297 550 2327 Plin.
572 2306 615 2334 cp.
637 2297 689 2326 ΙΙΙ.
713 2299 737 2326 9.
761 2298 788 2326 4.
