1779 2595
801 74 846 106 39

271 191 312 225 In
339 190 425 226 Silio
450 193 554 235 poeta
587 189 664 234 ipsa
697 188 844 223 historia
878 189 996 223 mitior
1030 192 1092 230 est,
1130 200 1241 234 quem,
1279 200 1347 233 quo
1380 189 1489 224 dirior

154 248 256 284 nobis
282 260 356 283 esse
381 248 538 283 videatur
564 246 691 282 femina
716 247 779 283 illa
804 247 943 288 lasciva,
970 247 1080 282 virum
1098 244 1201 282 fuisse
1219 247 1328 282 tradit
1345 248 1486 282 maioris

154 308 268 353 pretii,
294 319 398 351 quam
423 318 543 342 revera
567 306 642 340 fuit.

272 433 388 469 Habes
414 432 580 477 exempla,
614 444 704 477 quae
736 432 781 467 ad
816 431 1086 477 cognoscendam
1117 432 1289 466 Iuvenalis
1316 431 1486 467 rationem

153 492 321 528 narrandi
347 491 551 527 examinavi.
604 492 718 536 Atque
747 490 837 526 nihil
869 502 945 526 eum
976 489 1120 536 fingere,
1155 490 1247 536 quod
1280 491 1350 525 iam
1384 491 1485 526 initio

153 551 257 586 huius
271 549 571 586 commentationis
596 550 791 591 statuimus,
817 550 871 584 his
890 561 1025 595 quoque
1049 549 1215 594 exemplis
1233 549 1486 595 comprobatur.

154 610 220 645 Sed
247 609 340 655 quod
366 610 402 643 in
429 620 546 643 omnes
563 620 620 644 eos
638 608 742 649 cadit,
769 609 828 653 qui
847 608 919 643 solo
938 608 990 642 vel
1008 608 1176 643 laudandi
1195 608 1247 643 vel
1265 608 1485 653 vituperandi

154 667 271 702 studio
286 667 469 707 ducuntur,
495 671 533 701 ut
550 666 663 702 verbis
682 670 835 708 utantur,
862 666 987 712 quibus
1006 666 1114 701 virtus
1129 659 1193 701 >aut
1210 667 1364 711 nequitia
1382 678 1485 711 quam

153 725 357 770 gravissime
383 725 614 770 exprimatur,
648 725 713 760 hac
738 737 775 759 re
801 737 877 759 cum
911 724 1050 759 omnino
1077 728 1275 759 saturarum
1301 725 1486 769 scriptores

154 795 223 818 11011
249 786 389 818 vacant¹
416 788 488 818 tum
515 783 686 818 Iuvenalis
712 784 859 818 laborat.
914 783 1092 818 Interdum
1125 783 1185 824 rei,
1218 795 1322 827 quam
1356 787 1486 823 narrat,

153 841 264 877 tradit
289 846 411 887 caput:
443 841 573 877 leviora
598 841 854 887 praetermittit,
887 853 1009 876 causas
1035 840 1136 876 affert
1161 842 1311 887 primas,
1345 840 1486 876 effectus

153 904 334 942 extremos,
361 901 475 935 media
500 900 691 945 neglegens.
744 900 898 945 Flagitia
924 900 1072 945 denique
1090 901 1149 934 11111
1168 900 1307 945 quidem
1325 900 1486 946 imputat,

153 959 204 994 ita
229 963 355 1000 tamen,
388 962 427 994 ut
452 959 556 994 ceteri
582 959 674 993 haud
701 959 860 994 meliores
895 971 968 994 esse
994 959 1192 1001 videantur3
1227 971 1289 993 nec
1324 959 1485 994 laudibus

153 1018 305 1053 abstinet
331 1018 459 1062 iniquis
485 1018 640 1058 alt-erius,
667 1029 735 1062 quo
761 1018 857 1062 peior
882 1020 1050 1062 appareat
1080 1017 1178 1052 alter.
1236 1017 1404 1052 Omnibus
1430 1018 1485 1052 his

152 1075 256 1110 rebus
282 1079 398 1110 autem
424 1076 550 1110 veritas
576 1075 675 1119 quasi
711 1074 791 1109 Cois
824 1075 975 1116 velatur,
1008 1087 1077 1109 non
1110 1075 1248 1110 lacerna
1279 1075 1486 1120 obtegitur.2

269 1153 401 1194 Restat,
434 1156 474 1187 ut
506 1153 626 1198 paucis
660 1153 891 1198 explanemus,
927 1165 996 1197 qua
1029 1165 1105 1187 cum
1139 1152 1207 1187 fide
1232 1153 1405 1188 Iuvenalis
1430 1165 1485 1188 res

152 1222 214 1256 per
239 1223 275 1246 se
300 1223 408 1251 veras,
442 1211 501 1245 sed
535 1222 621 1255 quas
655 1211 729 1255 ipse
764 1223 833 1245 non
867 1211 966 1251 vidit,
1000 1211 1166 1255 depingat
1195 1215 1230 1246 et
1255 1223 1296 1245 ex
1323 1211 1486 1255 opinione

152 1280 216 1303 sua
242 1268 424 1309 describat,
451 1268 574 1303 velutsi
600 1268 674 1313 ipse
692 1268 861 1303 adfuisset
886 1272 1058 1313 spectator
1083 1280 1125 1303 ac
1143 1269 1249 1304 testis
1293 1269 1367 1303 Hoc
1393 1269 1484 1303 0111111

152 1327 339 1362 identidem
365 1326 464 1367 facit;
491 1326 550 1361 sed
568 1326 653 1362 haec
671 1324 735 1367 res,
762 1330 1003 1371 praeterquam
1022 1327 1114 1372 quod
1131 1327 1219 1362 tales
1237 1326 1485 1372 descriptiones

151 1385 263 1429 primo
290 1385 407 1419 statim
442 1385 567 1419 obtutu
600 1389 873 1428 cognoscuntur,
905 1396 944 1419 eo
975 1385 1089 1419 minus
1119 1384 1225 1419 habet
1257 1385 1484 1426 fallaciarum,

151 1442 244 1487 quod
270 1453 447 1487 nunquam
473 1442 567 1476 ultra
592 1442 821 1487 progreditur,
854 1454 958 1487 quam
983 1446 1023 1476 ut
1049 1442 1119 1477 veri
1146 1442 1321 1477 videamus
1347 1443 1485 1477 similia.

152 1500 267 1545 Atque
299 1500 492 1545 exemplum
526 1500 639 1535 nescio
674 1513 719 1536 an
750 1500 795 1535 ad
828 1500 1090 1536 deliberandum
1129 1513 1198 1536 non
1232 1505 1342 1536 exstet
1373 1502 1485 1546 magis

151 1558 324 1599 idoneum,
351 1570 456 1603 quam
474 1570 591 1593 versus
608 1559 661 1593 illi
680 1563 819 1594 saturae
837 1560 891 1600 X„
918 1559 1044 1604 quibus
1070 1560 1194 1593 civium
1220 1564 1298 1604 post
1323 1559 1485 1594 Seianum

151 1628 354 1661 oppressum
380 1616 631 1651 sollicitudines
658 1617 908 1652 describuntur.

149 1781 278 1810 cubitum
299 1781 374 1809 inter
394 1781 540 1817 convivas3
562 1782 667 1818 oscula,
689 1782 851 1818 amplexus;
880 1784 989 1811 noctem
1012 1782 1131 1819 denique
1158 1784 1251 1812 actam
1278 1783 1393 1811 licentia
1420 1792 1485 1811 con-

149 1829 249 1866 iugali.
291 1828 345 1857 Sed
366 1829 439 1857 nihil
461 1830 647 1866 compositum
671 1830 802 1859 miraculi
823 1839 919 1868 causa,
941 1840 1039 1860 verum
1062 1831 1163 1860 audita
1184 1832 1346 1868 scriptaque
1367 1832 1485 1860 seniori-

150 1877 203 1906 bus
224 1873 357 1906 tradam?

268 1938 277 1953 ¹
297 1935 385 1964 Recte
412 1935 554 1965 Widalius
580 1936 724 1977 (Juvenal
745 1938 772 1965 et
795 1946 839 1966 ses
863 1934 974 1966 satires’
1001 1947 1067 1975 pag.
1088 1939 1162 1975 44.):
1203 1938 1266 1979 ((303
1289 1938 1486 1976 exagerations

148 1984 183 2013 de
210 1984 320 2021 paroles
349 1986 379 2013 et
403 1985 437 2013 de
465 1986 578 2014 couleur
606 1995 640 2014 ne
667 1988 733 2015 sont
752 1995 803 2023 pas
824 1986 953 2024 toujours
973 1987 1061 2016 l‘eflet
1081 1987 1130 2016 des
1151 1987 1258 2016 vieilles
1279 1986 1431 2016 habitudes
1452 1987 1486 2016 de

148 2033 259 2071 l'ecole3
286 2035 354 2064 elles
379 2035 607 2072 appartiennent,
633 2044 667 2064 on
696 2044 730 2064 ne
757 2035 795 2064 l'a
815 2045 866 2071 pas
886 2045 966 2065 assez
992 2028 1155 2074 remarqueJ
1177 2046 1393 2074 cmyonsmous,
1421 2037 1436 2065 ἱι
1458 2037 1485 2065 la

149 2083 237 2112 satire
257 2086 355 2113 meme.
384 2084 471 2113 Aussi
492 2083 555 2112 bien
577 2092 630 2120 que
651 2084 677 2112 10
697 2084 818 2119 theatre,
839 2085 868 2113 la
889 2085 983 2121 satire,
1004 2086 1028 2114 si
1046 2085 1076 2122 je
1097 2086 1161 2121 puis
1186 2086 1259 2114 ainsi
1280 2086 1383 2122 parler,
1404 2095 1421 2114 a
1441 2094 1485 2113 ses

148 2131 203 2161 lois
223 2131 257 2161 de
277 2133 461 2170 perspective,
482 2133 599 2169 partant
620 2141 663 2161 ses
683 2132 845 2171 privileges,
866 2142 912 2162 ses
933 2130 1103 2163 necessite's'

266 2203 278 2220 '²
299 2201 360 2230 Cfr.
375 2201 412 2230 ib.
435 2201 624 2240 'Affaiblissez
638 2210 690 2237 par
704 2202 733 2230 la
747 2201 849 2237 110113ὁο
869 2203 1005 2238 quelques
1025 2203 1114 2231 e'clats
1135 2203 1168 2231 de
1184 2212 1215 2231 sa
1230 2203 1302 2235 voix,
1323 2203 1485 2231 adoucissez

148 2248 221 2276 dans
241 2250 362 2278 certains
390 2249 425 2277 de
454 2258 497 2277 ses
518 2249 653 2277 tablcaux
674 2249 808 2285 quelques
828 2250 957 2278 couleurs
978 2253 1042 2287 trop
1063 2250 1209 2287 chargees,
1230 2256 1258 2279 et
1278 2259 1349 2286 110111·
1370 2250 1397 2278 10
1418 2250 1485 2278 fond

149 2296 198 2326 des
219 2297 317 2328 choses
338 2308 406 2329 vous
428 2308 503 2328 serez
524 2300 731 2328 constamment
752 2298 823 2328 dans
844 2299 870 2329 10
891 2295 970 2329 vrai.'
