1779 2595
903 71 948 108 22

372 189 530 234 Denique
569 189 663 235 quod
696 202 726 224 v.
761 191 939 226 26.—30.
978 190 1021 225 de
1059 190 1143 226 viris
1181 191 1283 227 bonis
1321 190 1466 233 dicitur,
1504 189 1599 237 apud

256 246 419 281 Plautum
445 259 566 283 revera
592 247 723 282 factum
749 252 801 283 est
813 251 834 281 ¹.

373 305 473 347 Quod
502 305 627 341 Weber
661 305 747 341 dicit
759 308 781 347 ²¹,
814 305 901 341 haec
927 307 1101 342 Iuvenalis
1136 306 1327 352 opprobria
1351 307 1527 353 pertinere
1551 307 1598 342 ad

253 363 371 397 Plauti
398 363 681 405 adulescentiam,
707 364 798 399 nihil
824 365 926 400 valet.
971 365 1060 400 Nam
1086 365 1116 399 si
1143 376 1184 400 ex
1209 365 1432 401 adulescente
1449 364 1599 410 superbo

255 425 290 456 et
314 420 438 456 inflato
465 422 518 456 vir
543 422 655 457 factus
681 426 735 456 est
760 422 899 466 sapiens
925 425 960 458 et
985 434 1136 467 aequus,
1167 422 1223 457 hic
1248 426 1328 467 post
1352 426 1497 458 mortem
1522 423 1599 458 lau—

255 479 402 521 dandus,
430 492 499 515 non
526 480 777 526 vituperandus
800 484 862 516 est.
906 481 1021 526 Ipsius
1039 484 1161 526 poetae
1179 480 1303 523 verbis,
1330 493 1419 526 quae
1436 481 1601 526 leguntur

255 551 285 574 v.
316 540 394 575 163.
421 540 502 584 sq.³,
541 539 679 575 Weberi
722 539 897 575 sententia
934 538 1118 575 refutatur.
1177 540 1286 575 Porro
1319 539 1465 574 Plautus
1498 551 1600 585 prae-

253 600 393 631 matura
425 600 537 631 morte
569 596 667 631 obiit.
730 598 834 631 Pater
870 597 962 631 enim
994 597 1120 631 Iuliam
1161 597 1261 632 duxit
1291 608 1384 632 auno
1418 599 1492 638 33.‚
1525 597 1601 642 ipse

254 655 359 700 periit
386 656 442 690 62.
495 654 631 691 Morum
664 654 773 700 igitur
804 655 1028 691 commutatio
1054 667 1160 701 quam
1186 654 1360 701 significat
1377 655 1513 698 Weber,
1538 654 1601 691 ad-

255 713 397 748 modum
423 713 540 748 subito
566 713 755 748 incidisset.

375 771 429 806 Ad
456 770 520 806 has
546 783 669 807 causas
696 771 796 817 quasi
823 771 981 806 cumulus
1007 770 1161 813 additur,
1187 771 1280 817 quod
1307 774 1342 807 et
1366 771 1403 806 in
1421 770 1601 807 codicibus

254 834 289 865 et
314 830 409 875 apud
445 829 670 865 scholiastam
703 830 851 874 legimus
878 823 1047 882 ‘Blande’,
1081 842 1150 865 non
1178 823 1335 883 ‘Plauteffi
1388 830 1510 876 Itaque
1535 830 1600 865 viri

254 888 347 923 docti
367 888 458 923 male
475 888 642 929 fecerunt,
660 888 754 933 quod
771 892 952 933 tamquam
972 888 1004 922 vi
1023 888 1180 923 Iuvenali
1198 888 1459 933 imputaverunt
1471 888 1601 923 malum

255 946 298 981 de
325 946 465 982 homine
490 946 601 991 probo
627 946 805 981 iudicium.

373 1004 539 1038 Weidner
571 1016 643 1038 rem
676 1004 781 1038 aliter
815 1004 978 1049 expedire
1010 1003 1152 1039 studuit.
1208 1004 1324 1048 Atque
1356 1015 1491 1038 summa
1524 1016 1601 1038 cum

255 1061 385 1097 fiducia
418 1073 611 1097 sermonem
645 1073 718 1097 esse
751 1062 803 1096 ait
836 1061 880 1097 de
913 1061 1050 1096 Blando
1085 1061 1257 1106 quodam,
1298 1060 1450 1096 Rubellii
1485 1061 1602 1096 Plauti

256 1120 358 1155 filio4.
411 1119 477 1155 Sed
512 1131 631 1154 verum
664 1131 735 1154 non
770 1120 867 1155 vidit.
919 1119 1074 1154 Primum
1100 1119 1210 1160 enim,
1237 1119 1266 1153 si
1292 1119 1366 1154 eius
1391 1119 1602 1164 interpreta-

256 1179 386 1213 tionem
420 1178 610 1224 sequimur,
644 1178 733 1213 illud
766 1181 818 1231 (ut
849 1182 883 1213 te
917 1178 1132 1223 conciperet,
1167 1190 1256 1223 quae
1289 1177 1458 1222 sanguine
1491 1177 1602 1222 fulget

257 1230 347 1278 Iuli'‚
384 1236 510 1282 quibus
537 1236 652 1271 verbis
678 1236 804 1271 Iuliam
831 1236 1008 1282 designari
1034 1236 1253 1271 manifestum
1279 1239 1348 1278 est,
1380 1235 1532 1280 pertinet
1556 1235 1602 1270 ad

256 1295 371 1330 aviam
398 1295 543 1337 Blandi,
576 1307 646 1330 non
672 1294 717 1330 ad
744 1296 918 1330 matrem-⁵.
970 1293 1066 1336 Quae
1092 1294 1280 1339 explicatio
1306 1294 1410 1329 nimis
1435 1294 1602 1329 arcessita

377 1425 385 1440 ¹
407 1423 469 1451 Iuv.
491 1431 516 1450 v,
538 1422 584 1451 26.
606 1431 647 1458 sq.
710 1422 813 1462 (Salve,
835 1421 994 1457 Gaetulice,
1017 1430 1065 1450 seu
1087 1423 1119 1450 tu

492 1470 622 1498 Silanus:
645 1478 812 1506 quocunque
832 1470 890 1498 alio
911 1469 945 1498 de
966 1470 1107 1505 sanguine
1128 1479 1210 1498 rarus

493 1518 572 1547 Civis
593 1521 622 1547 et
642 1519 776 1556 egregius
797 1518 907 1555 patriae
928 1518 1071 1555 contingis
1092 1518 1198 1554 ovanti,

494 1567 663 1595 Exclamare
684 1567 763 1602 libet,
785 1567 908 1603 populus
929 1567 1004 1603 quod
1025 1566 1133 1595 clamat
1153 1566 1229 1595 Osiri

490 1612 629 1643 Invent0.'
654 1631 689 1635 —-
711 1615 776 1642 Tac.
799 1615 817 1642 l.
839 1623 862 1642 c.
883 1615 932 1655 ‘Et
954 1614 1079 1642 omnium
1103 1623 1149 1642 ore
1170 1614 1294 1642 Plautus
1316 1613 1476 1642 celebratur
1495 1635 1502 1642 .
1525 1636 1530 1641 .
1553 1609 1570 1641 .'

374 1665 385 1681 Ξ
406 1663 484 1705 ιΒὶειε,
505 1672 564 1691 was
585 1663 644 1691 ihm
662 1662 781 1692 Iuvenal
803 1662 867 1691 hier
888 1672 940 1691 zur
954 1663 1026 1691 Last
1046 1663 1115 1699 legt,
1143 1671 1223 1691 muss
1243 1662 1303 1691 also
1324 1662 1353 1690 in
1374 1661 1472 1690 dessen
1489 1662 1538 1699 (sc.
1553 1661 1603 1690 des

256 1712 391 1747 Plautus)
412 1713 495 1740 i'riine
516 1712 533 1740 J
539 1711 632 1748 ugend
654 1712 790 1748 gehbren,
811 1711 878 1740 oder
898 1711 951 1739 auf
970 1710 1172 1747 verdiichtigen
1194 1710 1313 1746 Quellen
1336 1706 1481 1739 be1·uhen.’

374 1763 385 1778 ³
412 1760 560 1801 (Defensor
580 1760 681 1796 culpae
703 1759 779 1788 dicet
800 1759 886 1787 mihi:
908 1759 1051 1800 ‘Fecimus
1072 1761 1101 1787 et
1120 1768 1172 1787 nos

413 1809 491 1837 Haec
512 1804 647 1837 iuvenes?
689 1808 769 1844 Esto,
791 1807 892 1836 desisti
914 1816 1014 1844 nempe
1035 1816 1085 1836 nec
1106 1807 1184 1836 ultra

413 1858 525 1886 Fovisti
546 1866 677 1885 errorem.
720 1857 811 1885 Breve
832 1856 880 1891 sit,
901 1855 976 1892 quod
998 1856 1121 1892 turpiter
1142 1855 1246 1892 audes;

413 1905 558 1941 Quaedam
581 1914 643 1934 cum
668 1905 760 1941 prima
781 1906 945 1933 resecentur
966 1904 1086 1933 crimina
1107 1904 1204 1933 barba.

414 1954 537 1990 Indulge
559 1954 671 1982 veniam
694 1949 809 1990 pueris?

375 2006 387 2021 ⁴
409 2003 485 2032 Dicit
505 2002 580 2031 enim
601 2001 638 2031 ad
660 2002 686 2030 h.
710 2002 728 2030 1.
749 2001 825 2042 ‹Sein
848 2001 897 2039 (sc.
919 2001 970 2029 des
991 2001 1126 2035 Plautus)
1153 2000 1240 2037 Sohn,
1261 2000 1315 2029 den
1336 2001 1398 2029 hier
1417 2001 1535 2029 Iuvenal
1557 2010 1602 2029 er-

258 2053 369 2088 wttlmt⁷
398 2052 490 2088 hiess,
518 2051 571 2079 wie
597 2050 646 2079 der
674 2050 860 2086 Grossvater,
889 2050 1041 2078 Rubellius
1069 2049 1206 2079 Blandus.
1258 2050 1356 2078 Denn
1385 2049 1452 2078 dass
1479 2049 1604 2078 Plautus

258 2101 366 2130 Kindor
392 2101 489 2136 hatte,
519 2099 642 2137 bezeugt
669 2099 787 2128 Tacitus
814 2099 894 2127 XIV.
916 2099 960 2128 59.
989 2108 1094 2139 (amore
1125 2098 1255 2135 coniugis
1290 2099 1320 2126 et
1350 2094 1522 2127 liberorum.'
1569 2098 1603 2126 In

257 2149 381 2177 editione
402 2148 493 2177 altera
514 2148 620 2176 rectius
640 2147 850 2183 interpretatur
871 2147 906 2174 de
927 2147 1016 2175 fratre
1037 2146 1136 2174 Plauti
1158 2146 1295 2182 cogitans,
1322 2145 1370 2174 sed
1391 2146 1483 2174 filium
1505 2145 1604 2174 Plauti

257 2197 414 2234 significari
436 2197 550 2225 omnino
572 2206 626 2224 non
648 2205 730 2232 posse
750 2204 784 2224 ne
805 2204 880 2224 nunc
900 2195 1015 2232 quidem
1037 2194 1186 2223 intellexit.

374 2248 386 2264 ⁵
407 2246 467 2274 Cfr.
488 2245 526 2274 ib.
557 2245 604 2286 (So
634 2245 689 2272 viel
716 2245 756 2272 ist
776 2244 884 2280 sicher,
912 2243 980 2272 dass
1008 2243 1145 2279 Iuvenal,
1172 2243 1227 2271 mit
1248 2243 1300 2271 den
1322 2242 1505 2271 Personalien
1524 2242 1605 2279 jener

259 2296 321 2325 Zeit
342 2295 409 2324 sehr
430 2296 485 2332 gut
505 2295 649 2330 vertraut,
674 2293 754 2322 einen
777 2292 906 2322 Irrthum
928 2292 1008 2322 nicht
1029 2292 1177 2330 begangen
1199 2291 1267 2329 hat,
1294 2292 1368 2321 denn
1390 2291 1429 2321 im
1451 2291 1604 2329 uneigent-
