1779 2595
701 107 933 161 -—29—

147 221 273 268 potuit.
326 221 420 258 Afris
446 222 520 258 sine
546 221 652 258 dubio
679 234 748 259 non
774 223 892 260 omnia
918 223 1081 260 restituta
1107 228 1197 260 sunt.
1239 224 1305 261 Sed
1324 224 1389 261 hoc
1406 236 1487 261 con-

148 280 337 316 cedendum
363 286 425 323 est,
450 282 589 327 singula
615 282 720 317 verba
744 283 866 327 gravia
891 285 925 318 et
950 283 1054 318 nimis
1080 287 1292 328 exaggerata
1317 296 1400 320 esse.

670 429 738 465 Sat..
765 429 807 464 II.
836 430 891 465 29.
921 441 971 473 sq.

420 525 530 567 ‘Qualis
550 527 613 556 erat
632 535 722 563 nuper
742 526 852 564 tragico
872 525 1002 563 pollutus
1022 525 1136 555 adulter

418 574 586 611 Concubitu,
607 575 656 611 qm·
677 577 764 603 tunc
783 575 861 611 leges
882 574 1033 604 revocabat
1053 584 1167 604 amaras

419 621 559 651 Omnibus
579 625 665 660 atque
685 622 755 659 ipsis
776 622 878 651 Veneri
899 622 1043 660 Martique
1063 622 1214 659 timendas,

419 670 503 699 Cum
527 672 570 699 tot
590 671 728 700 abortivis
748 670 899 700 fecundam
920 671 996 700 Iulia
1016 671 1166 700 vulvam

419 718 587 748 Solveret
607 721 636 748 et
654 722 758 756 patruo
778 720 887 749 similes
906 719 1065 749 effunderet
1084 717 1173 749 offas.7

263 808 313 843 De
338 808 513 849 hocloco,
551 820 627 844 cum
666 812 700 844 et
736 821 792 845 res
829 809 1035 854 gravissima
1068 809 1115 844 sit
1149 813 1183 844 et
1217 809 1412 855 exemplum
1438 809 1483 845 ad

146 865 388 900 illustrandam
421 866 594 900 Iuvenalis
625 867 795 901 rationem
828 867 997 901 narrandi
1031 867 1132 902 valde
1158 867 1339 907 idoneum,
1374 868 1483 906 fusius

147 934 250 968 agere
275 923 360 958 mihi
386 923 499 958 liceat.
551 924 665 969 Atque
691 924 746 959 his
772 924 928 960 versibus
946 925 1061 959 notari
1081 925 1319 960 Domitianum
1337 929 1483 960 constat.

146 981 237 1017 Nam
263 982 328 1016 etsi
354 982 562 1017 scholiastae
580 982 693 1018 verbis
710 982 893 1018 admodum
913 982 1076 1025 confusis,
1103 987 1137 1018 et
1155 995 1244 1029 quae
1261 984 1483 1029 corruptione

146 1052 213 1074 non
234 1052 356 1075 vacare
373 1040 565 1082 videantur,
593 1041 757 1076 Claudius
776 1041 1003 1082 nominatur,¹
1029 1045 1144 1076 tamen
1163 1035 1298 1094 ‘Iuliae'
1316 1046 1350 1077 et
1367 1042 1482 1087 legum

148 1099 289 1151 tVeneri
321 1098 495 1144 Martique
523 1092 767 1135 timendarum'
793 1100 1126 1141 commemoratione,
1153 1100 1237 1145 quin
1264 1100 1308 1135 ad
1336 1100 1484 1136 Domiti-

146 1167 251 1190 anum
278 1161 432 1201 spectent
457 1157 630 1192 Iuvenalis
655 1157 854 1202 opprobria,
880 1157 1041 1192 dubitare
1066 1161 1232 1192 vetamur.
1277 1158 1324 1192 Et
1349 1158 1483 1193 acerbi-

145 1218 218 1249 tate
243 1226 321 1249 vere
339 1215 564 1250 Iuvenaliana
581 1215 781 1260 imperatori
800 1215 910 1250 scelus
928 1215 1132 1260 imputatur,
1158 1227 1228 1260 quo
1252 1227 1320 1250 non
1340 1216 1482 1251 deorum

147 1273 259 1307 solum
285 1277 319 1307 et
344 1277 500 1313 naturae,
527 1273 585 1307 sed
612 1285 692 1307 suas
719 1273 828 1318 ipsius
846 1273 938 1317 leges
957 1273 1154 1308 foedissime
1172 1274 1377 1318 perruperit.
1415 1274 1481 1309 Sed

146 1330 425 1366 omniaue‘recte
459 1342 494 1365 se
527 1331 680 1366 habeant
711 1335 746 1366 et
779 1342 922 1376 prorsus
948 1334 1110 1366 accurate
1134 1332 1247 1366 relata
1273 1332 1353 1373 sint,
1387 1332 1482 1366 haud

146 1388 261 1424 aliena
286 1388 422 1424 videtur
447 1400 520 1423 esse
545 1388 712 1434 quaestio.
763 1388 835 1424 Nec
868 1400 947 1424 vero
981 1389 1067 1424 satis
1098 1390 1166 1424 erit
1192 1389 1483 1425 demonstravisse

146 1448 292 1483 eundem
318 1448 555 1483 Domitianum
592 1451 627 1483 et
662 1451 841 1483 revocatas
879 1451 1000 1483 contra
1032 1447 1196 1483 libidines
1230 1448 1323 1493 leges
1349 1460 1482 1484 summa

147 1519 224 1541 cum
250 1507 432 1541 severitate
457 1507 650 1541 exercuisse
682 1510 716 1541 et
748 1507 844 1551 turpi
879 1507 1066 1542 concubitu
1098 1507 1269 1552 pollutum
1303 1518 1387 1549 esse,
1422 1507 1481 1542 sed

145 1568 251 1609 caput
276 1565 383 1599 totius
420 1565 487 1599 loci
525 1568 577 1599 est
614 1565 680 1599 hoc
714 1568 898 1609 utrumque
931 1563 1060 1599 factum
1094 1576 1168 1600 esse
1197 1576 1266 1600 uno
1292 1565 1482 1611 eodemque

145 1626 309 1668 tempore,
343 1623 379 1658 id
412 1622 505 1668 quod
536 1626 658 1668 poetae
690 1623 803 1658 verbis
837 1626 930 1675 ‘tunc
954 1644 1002 1648 —-
1027 1616 1115 1658 cum’
1149 1626 1269 1668 aperte
1294 1623 1480 1659 indicatur.

146 1680 268 1726 Itaque
293 1681 443 1726 primum
469 1680 512 1716 de
537 1680 671 1725 legibus
697 1692 718 1715 a
736 1681 934 1715 Domitiano
952 1681 1130 1722 revocatis,
1157 1685 1229 1715 tum
1252 1680 1295 1716 de
1312 1681 1386 1716 eius
1403 1693 1481 1716 cum

146 1740 235 1775 Iulia
259 1739 509 1775 consuetudine
534 1751 644 1774 sermo
671 1739 747 1780 erit,
773 1743 947 1785 postremo
981 1742 1098 1774 autem
1124 1739 1381 1785 explanabitur,
1413 1751 1480 1785 quo

144 1799 219 1832 iure
244 1798 357 1833 verbis
384 1802 477 1850 ttunc
503 1819 547 1822 —
573 1790 660 1832 cum'
687 1798 860 1844 Iuvenalis
886 1801 1015 1832 utatur.

261 1855 479 1891 Domitianus
511 1855 602 1899 leges
635 1855 717 1890 olim
750 1859 872 1890 contra
902 1854 1065 1889 libidines
1100 1858 1134 1890 et
1166 1855 1343 1890 lasciviam
1380 1855 1481 1896 latas,

143 1914 203 1950 sed
228 1915 399 1960 paulatim
425 1914 597 1949 oblivione
631 1913 785 1956 obrutas,
819 1913 932 1948 denuo
965 1914 1002 1948 in
1035 1913 1146 1948 lucem
1171 1914 1329 1956 retraxit,
1361 1913 1479 1959 eisque

144 1974 241 2009 nisus
285 1986 363 2008 eum
402 1973 494 2008 viros
536 1977 610 2007 tum
642 1972 788 2007 feminas
830 1972 977 2017 punivit.
1028 1973 1155 2017 Legem
1190 1972 1404 2008 Scantiniam
1436 1972 1479 2007 de

262 2133 271 2148 ¹
293 2130 337 2158 Ad
359 2130 408 2159 VI.
434 2130 495 2159 116.
517 2129 603 2157 claris
623 2129 716 2157 verbis
737 2129 820 2157 dicit:
842 2128 930 2169 ‘Haec
950 2129 998 2164 (sc.
1020 2128 1186 2164 Messalina)
1206 2130 1259 2164 est,
1280 2127 1314 2156 de
1334 2136 1390 2165 qua
1411 2127 1480 2156 dicit

141 2181 179 2220 Ket
200 2181 301 2216 patruo
322 2178 429 2206 similes
450 2177 607 2206 effunderet
620 2173 719 2206 offas'.'
752 2176 930 2206 Scholiastae
944 2185 1022 2205 error
1045 2185 1078 2204 00
1092 2178 1172 2204 ortus
1186 2176 1299 2205 videtur
1313 2185 1383 2213 esse⁷
1404 2175 1479 2212 quod

141 2227 280 2257 claudius
302 2227 499 2263 Agrippinam,
520 2226 619 2255 fratris
640 2226 739 2262 filiam,
760 2226 788 2254 in
805 2226 1017 2255 matrimonium
1033 2224 1129 2261 duxit;
1152 2225 1273 2254 fortasse
1286 2225 1372 2254 etiam
1388 2225 1479 2260 signi-

143 2276 221 2305 ficari
253 2276 408 2304 scholiasta
439 2275 561 2312 putabat
597 2275 646 2303 illo
677 2275 796 2315 <similes
828 2277 930 2310 patruo
958 2270 1038 2302 offas'
1066 2273 1179 2302 Claudii
1207 2274 1329 2308 figuram
1362 2282 1479 2309 pravam

144 2324 202 2352 cfr.
224 2324 294 2353 Suet
324 2325 373 2352 vit.
397 2323 498 2352 Claud.
521 2325 566 2353 30.
