1779 2595
877 114 923 146 34

221 228 282 271 qui
322 228 358 261 iu
393 239 524 262 aunum
558 230 614 263 90.
650 228 753 263 cadit.
805 228 930 273 Itaque
973 240 1068 264 anno
1101 231 1158 265 90.
1197 229 1288 265 Iulia
1321 231 1393 265 iam
1427 235 1566 266 mortua

222 287 324 320 erat1.
377 285 443 320 Sed
469 286 654 330 quominus
681 297 755 321 eam
781 286 857 330 ipso
883 298 975 321 anno
994 288 1050 323 90.
1077 288 1205 323 obiisse
1230 288 1450 329 arbitremur,
1476 290 1565 323 actis

220 343 368 378 fratrum
387 344 566 378 Arvalium
591 344 826 389 prohibemur,
853 344 980 390 quibus
1006 349 1152 390 apparet
1177 357 1253 381 eam
1279 358 1310 382 a.
1336 346 1368 381 d.
1394 346 1456 383 ΙΙΙ.
1484 358 1564 382 non.

224 401 298 435 Ian.
325 401 409 435 anni
435 402 491 436 90.
525 402 595 436 iam
628 406 802 437 mortuam
828 402 940 438 fuisse.
991 403 1081 436 Nam
1106 403 1143 437 in
1168 404 1267 445 votis,
1301 415 1390 449 quae
1421 405 1482 439 illo
1508 405 1565 439 die

222 461 450 504 susceperunt
475 459 601 494 fratres
627 459 782 501 Arvales,
801 459 892 494 Iulia
918 471 986 495 non
1007 460 1143 495 videtur
1168 465 1435 497 commemorata
1461 464 1563 503 esse,S
1622 500 1623 503 ,

222 517 301 552 viva.
327 517 623 563 nuncupabatur.³

341 585 416 621 Hoc
433 586 525 622 idem
544 586 667 627 evenit,
685 587 714 621 si
732 586 879 622 alteram
904 587 1137 622 ratiocinandi
1164 588 1292 623 inimus
1310 588 1411 623 viam.
1453 588 1562 623 Euse-

223 643 304 679 bius
337 644 429 679 enim
463 645 498 678 in
533 644 758 689 chronologio
793 645 895 680 dicit4
922 644 1128 687 Corneliam,
1161 646 1330 691 virginem
1363 647 1564 688 maximam,

220 714 313 737 anno
339 702 384 737 ab
412 702 566 737 Abraam
593 704 697 738 2106.
726 703 839 738 vivam
865 702 1038 738 defossam
1070 716 1153 740 esse.
1205 704 1271 739 Hic
1301 708 1418 739 autem
1450 716 1563 740 annus

223 773 244 795 a
269 761 430 796 kalendis
457 761 666 797 Octobribus
690 762 775 796 anni
799 766 879 806 post
905 761 985 798 Chr.
1012 774 1045 796 n.
1074 764 1130 797 89.
1157 762 1310 808 incipit.⁵
1360 764 1475 808 Atque
1492 763 1564 798 Pli—

223 819 302 854 nius
328 819 455 853 Iuliam
480 823 563 854 ante
590 820 786 854 Corneliam
811 820 939 855 obiisse
963 823 1139 855 testatur.6

342 968 351 983 ¹
375 965 434 994 Cfr.
456 966 543 994 etiam
565 974 637 1002 quae
658 965 745 994 huius
766 966 1013 994 commentationis
1035 975 1101 1003 pag.
1123 966 1169 995 31.
1191 966 1226 995 de
1241 965 1385 995 Martialis
1406 966 1495 1004 epigr.
1512 966 1562 995 VI.

226 1015 269 1042 13.
291 1013 506 1049 interpretando
527 1015 556 1041 et
576 1022 642 1050 pag.
665 1014 709 1042 36.
733 1013 767 1041 de
787 1015 923 1049 tempore,
952 1023 1007 1049 quo
1027 1014 1172 1042 Martialis
1192 1014 1255 1042 libr.
1277 1014 1328 1045 VI.
1356 1015 1562 1051 conscripserit,

220 1062 357 1091 dicuntur
378 1063 407 1091 et
428 1061 555 1090 Henzeni
576 1061 658 1102 ⁶Acta.
679 1061 802 1090 fratrum
824 1057 985 1090 Arvalium'
1007 1070 1073 1098 pag.
1095 1061 1198 1091 CXVI.
1220 1064 1249 1091 et
1269 1061 1362 1092 XIIC.

334 1123 345 1139 ²
366 1121 426 1150 Cfr.
453 1121 612 1157 Henzenus,
640 1121 658 1150 l.
696 1130 719 1150 c.
746 1130 813 1157 pag.
841 1120 973 1150 CXXIV.
1014 1120 1098 1162 (Imp.
1130 1121 1257 1151 Caesare
1282 1121 1458 1150 Domitiano
1484 1121 1560 1158 Aug.

221 1169 389 1198 Germanico
410 1169 476 1198 XV.
504 1169 650 1206 pontifice
671 1169 807 1197 maximo
822 1169 966 1197 tribmzie.
979 1172 1085 1206 potest.
1101 1169 1198 1198 VIIII.
1214 1178 1326 1198 censore
1340 1172 1476 1206 perpetuo
1491 1179 1518 1206 p.
1533 1179 1561 1207 p.

221 1218 263 1247 M.
289 1218 407 1247 Cocceio
426 1217 526 1247 Nerva
546 1218 585 1247 II.
607 1227 662 1247 008.
683 1217 860 1255 mayisterio
888 1218 923 1247 Ρ.
947 1218 1073 1246 Sallusti
1094 1217 1190 1247 Blaesi
1210 1218 1249 1247 H.
1277 1218 1332 1247 III.
1353 1227 1424 1248 non.
1446 1218 1561 1247 Ianuar.

222 1267 258 1295 in
284 1266 432 1304 Capitolio
460 1267 496 1295 in
518 1276 637 1304 pronao
666 1266 746 1294 Iovis
776 1266 808 1295 O.
830 1266 871 1295 M.
895 1289 900 1295 .
925 1290 931 1295 .
955 1289 961 1296 .
984 1289 990 1295 .
1013 1276 1061 1294 rus
1087 1266 1179 1295 frater
1203 1267 1318 1295 Arvalis
1344 1267 1382 1295 ad
1408 1267 1561 1304 collegium

221 1316 346 1344 fratrum
373 1315 523 1344 Arvalium
552 1315 682 1343 rettulit:
713 1324 778 1343 cum
806 1314 835 1343 di
862 1315 1029 1343 inmortales
1057 1315 1225 1352 propitiato
1259 1315 1386 1343 numine
1413 1324 1468 1343 suo
1494 1318 1562 1344 vota

221 1363 304 1392 orbis
332 1366 494 1398 terrarum,
523 1373 598 1401 quae
622 1373 679 1401 pro
714 1363 810 1392 salute
830 1363 898 1400 imp.
921 1363 1053 1392 Caesaris
1079 1363 1138 1392 divi
1165 1363 1335 1400 Vespasiani
1362 1364 1382 1393 f.
1403 1364 1561 1393 Domitiani

220 1414 296 1449 Aug.
312 1412 475 1441 Germanici
489 1412 633 1448 pontificis
647 1412 765 1440 maximi
781 1414 810 1440 et
825 1412 978 1440 Domitiae
999 1412 1075 1449 Auq.
1091 1412 1231 1449 eoniuqis
1245 1414 1311 1441 eius
1325 1412 1436 1449 totique
1456 1413 1564 1442 domui

220 1469 324 1489 eorum
345 1459 452 1497 cupide
472 1462 605 1496 suscepta
631 1461 722 1496 erant,
743 1459 906 1495 audierunt,
932 1460 1081 1488 convenire
1101 1460 1220 1497 collegio
1241 1460 1336 1496 priora
1356 1460 1464 1488 solvere
1485 1483 1491 1489 .
1515 1485 1521 1491 .
1543 1457 1563 1490 ‚³

220 1510 281 1538 Hoc
301 1509 361 1538 loco
376 1511 500 1546 angusto
514 1509 588 1538 inter
603 1509 715 1538 litteras
733 1510 768 1537 ct
783 1509 812 1537 et
827 1508 868 1537 de
889 1508 982 1545 spatio
997 1517 1047 1537 nos
1062 1508 1216 1545 prohiberi,
1229 1508 1382 1546 quominus
1396 1509 1561 1537 statuamus

220 1559 307 1587 etiam
322 1558 426 1587 Iuliam
441 1560 605 1595 Augustani
620 1558 796 1587 nominatam
814 1558 902 1587 fuisse
917 1560 991 1587 recte
1006 1558 1150 1594 perspexit
1158 1558 1320 1587 Henzenus.
1342 1557 1401 1587 Cfr.
1417 1567 1442 1587 ν.
1457 1559 1501 1588 18.
1514 1559 1560 1588 32.

220 1606 321 1636 Omnis
349 1608 445 1636 autem
468 1606 611 1635 dubitatio
632 1606 767 1635 eximitur
788 1615 814 1634 v.
839 1607 883 1635 11.
906 1607 1049 1643 scriptura
1069 1606 1152 1642 plane
1174 1607 1296 1635 servata.

337 1668 349 1684 3
375 1665 435 1695 Cfr.
463 1675 529 1703 pag.
559 1665 662 1697 CXVI,
702 1665 784 1707 (Imp.
826 1665 947 1694 Caesare
974 1664 1140 1694 Domitiano
1167 1664 1243 1702 Aug.
1270 1663 1447 1693 Germanico
1473 1664 1560 1694 XIII.

219 1716 252 1745 L.
274 1715 399 1744 Volusio
420 1715 557 1743 Saturnio
571 1724 628 1743 eos.
649 1714 705 1744 ΠΙ.
726 1724 797 1743 non.
813 1714 940 1744 Ianuar.
962 1737 968 1743 .
992 1737 998 1743 .
1022 1737 1028 1743 .
1050 1715 1117 1742 vota
1138 1713 1214 1742 orbis
1234 1715 1393 1748 terrarum,
1415 1722 1487 1750 quae
1502 1723 1561 1751 pro

218 1764 313 1792 salute
339 1763 407 1800 imp.
430 1762 562 1792 Caesaris
584 1786 590 1792 .
613 1786 619 1792 .
643 1786 648 1792 .
672 1786 678 1792 .
707 1764 736 1791 et
756 1762 900 1791 Domitiae
920 1762 996 1798 Aug.
1024 1761 1162 1798 coniuqis
1188 1762 1254 1790 eius
1280 1764 1312 1790 et
1338 1761 1464 1790 Iuliae
1483 1762 1560 1799 Aug.

219 1813 330 1849 totique
351 1812 448 1841 domui
476 1821 573 1841 eorum
601 1807 663 1841 etc.'
689 1821 756 1848 pag.
779 1811 898 1840 CXVlI.
927 1834 944 1852 ι.
968 1834 974 1840 .
998 1833 1004 1839 .
1031 1812 1060 1839 et
1081 1810 1225 1839 Domitiae
1245 1810 1320 1847 Aug.
1342 1810 1472 1847 coniugis
1499 1811 1560 1839 eius

219 1863 253 1889 et
280 1861 401 1889 Iuliae
427 1861 516 1897 Aug.
545 1860 655 1897 totique
680 1860 778 1889 domui
806 1869 901 1888 eorum
930 1857 993 1889 etc.'
1013 1868 1079 1896 pag.
1109 1859 1241 1888 CXVIII.
1276 1882 1292 1900 ‹-
1315 1882 1321 1888 .
1344 1882 1351 1888 .
1377 1859 1407 1888 C.
1439 1859 1561 1887 Salvius

218 1909 360 1938 Liberalis
381 1908 492 1938 Nonius
513 1908 622 1937 Bassus
652 1908 742 1937 frater
762 1908 877 1937 Arvalis
905 1931 911 1937 .
935 1931 940 1936 .
963 1930 970 1937 .
991 1931 998 1937 .
1026 1907 1200 1936 sacrificium
1233 1907 1301 1936 deae
1326 1907 1398 1935 Diae
1424 1907 1454 1935 in
1484 1906 1561 1936 hunc

218 1967 325 1987 annum
347 1958 387 1986 sic
407 1957 528 1987 indixit:
551 1957 629 1994 quod
649 1957 754 1985 bonum
776 1959 829 1988 etc.
852 1957 920 1993 imp.
941 1956 1057 1985 Caesari
1077 1956 1243 1984 Domitiano
1263 1956 1337 1992 Auq.
1360 1979 1366 1985 .
1389 1979 1395 1985 .
1418 1979 1425 1985 .
1453 1957 1481 1984 et
1501 1955 1561 1985 Do-

218 2007 324 2035 mitiae
344 2007 419 2043 Aug.
442 2006 564 2043 coniugi
585 2006 646 2034 eius
666 2008 701 2034 et
721 2005 850 2034 Iuliae
870 2005 957 2042 Auq.
980 2005 1090 2041 totique
1111 2004 1208 2033 domui
1228 2013 1325 2033 eorum
1347 2027 1353 2033 .
1377 2027 1383 2033 .
1406 2000 1423 2033 .'

336 2067 347 2083 ⁴
369 2065 428 2095 Cfr.
450 2065 485 2095 A.
507 2064 643 2094 Schoenei
664 2064 791 2107 ‘Eusebii
818 2063 1014 2093 chronicorum
1041 2063 1108 2092 libri
1134 2059 1199 2092 duo'
1220 2071 1289 2100 pag.
1319 2063 1383 2093 160.
1424 2062 1560 2104 ιΜευείῐιπι.

218 2115 364 2151 virginum
386 2114 547 2143 Vestalium
569 2113 701 2143 Cornelia
722 2114 851 2142 convicta
871 2113 964 2150 stupri
984 2113 1066 2141 iuxta
1086 2112 1178 2149 legem
1200 2112 1266 2141 viva
1286 2111 1398 2140 defossa
1418 2108 1481 2141 est?

335 2175 348 2191 ⁵
367 2173 401 2201 In
427 2181 483 2209 quo
510 2174 636 2201 erratum
657 2174 709 2209 est,
731 2172 817 2201 donec
838 2171 1056 2201 Gutschmidius
1083 2172 1136 2209 (De
1156 2173 1317 2208 temporum
1344 2170 1429 2207 notis,
1455 2170 1560 2207 quibus

218 2222 359 2251 Eusebius
380 2221 483 2257 utitur)
504 2230 564 2250 rem
585 2230 649 2250 cum
671 2222 798 2250 omnium
818 2221 1046 2258 comprobatione
1067 2220 1240 2257 explanavit.

335 2283 347 2299 ⁶
369 2281 428 2310 Cfr.
448 2281 524 2310 Plin.
546 2290 589 2317 ep.
611 2281 662 2310 IV.
687 2281 730 2309 11.
753 2281 779 2309 6.
802 2311 809 2321 (
832 2303 838 2309 .
862 2303 867 2309 .
891 2303 897 2309 .
919 2279 1068 2309 damnavit
1087 2280 1137 2315 (sc.
1159 2278 1333 2315 Corneliam)
1360 2278 1467 2314 incesti,
1483 2286 1559 2306 cum

217 2330 277 2366 ipse
297 2329 397 2358 fratris
417 2329 508 2359 filiam
529 2329 636 2358 incesto
657 2338 712 2358 non
733 2328 884 2365 polluisset
905 2329 1007 2365 solum,
1028 2336 1126 2356 verum
1147 2327 1234 2356 etiam
1255 2326 1476 2356 occidisset:
