1779 2595
789 75 833 108 41

141 188 302 224 Ceterum
327 188 381 224 illi
407 188 485 235 ipsi,
511 188 573 234 qui
598 188 776 225 Tiberium
800 188 894 225 omni
920 188 1036 225 studio
1061 187 1263 230 defendunt,
1291 188 1481 225 maximam

140 251 218 283 tum
243 248 316 283 eius
341 247 446 283 fuisse
471 247 687 283 severitatem
712 247 935 283 concedunt.l

260 306 383 350 Itaque
414 308 520 350 poeta
551 317 614 341 suo
645 306 721 341 iure
752 306 844 342 cives
873 307 965 341 inter
997 317 1034 342 se
1058 305 1285 341 adhortantes
1316 305 1409 347 facit,
1441 310 1482 341 ut

140 374 268 409 corpus
306 363 422 399 Seiani
461 375 482 398 a
519 363 622 409 vulgo
655 376 718 409 per
750 363 906 400 triduum
943 365 1125 400 vexatum'
1163 364 1298 399 calcent
1331 364 1482 410 odioque

139 421 304 457 simulato
328 425 424 456 tutos
448 433 485 457 se
510 422 668 457 reddant.

259 480 332 515 Iam
358 479 540 515 dicendum
566 484 618 516 est
642 480 685 515 de
708 480 861 526 periculo
893 480 1040 516 dominis
1074 480 1276 516 imminente
1306 491 1328 515 a
1362 480 1480 515 servis.

143 538 260 582 Atque
285 537 370 583 quin
395 538 485 573 servi
503 538 660 573 dominos
677 543 878 573 accusantes
895 538 1006 573 auditi
1024 538 1095 573 sint
1111 538 1251 574 Tiberio
1274 536 1481 583 imperante,

139 595 287 630 dubium
313 605 387 630 esse
420 607 490 630 non
515 599 639 641 potest.
697 596 739 630 In
771 596 970 631 universum
1001 595 1067 631 hoc
1099 596 1206 630 servis
1238 607 1309 631 uon
1340 595 1480 636 licebat,

140 652 203 688 sed
228 652 357 688 crimen
382 653 576 689 maiestatis
601 664 735 699 semper
759 653 830 689 fere
854 657 1034 699 exceptum
1059 655 1163 690 erat.³
1210 653 1345 698 Singuli
1370 653 1479 699 impe—

141 715 278 752 ratores
303 711 346 746 de
370 711 436 746 hac
460 723 498 747 re
524 712 661 756 singula
686 711 929 748 decreverunt:
957 711 1118 757 Caligula
1136 711 1243 746 servis
1266 723 1383 747 omnes
1401 723 1481 756 per—

140 769 254 810 misit,
290 769 407 805 Nerva
444 781 561 805 omnes
599 769 729 806 ademit
765 770 1031 805 accusationes.⁴
1096 768 1197 805 Certe
1235 769 1299 805 sub
1338 769 1479 805 Tiberio

139 828 271 863 crimen
298 827 501 867 maiestatis,
532 827 574 862 de
606 839 675 873 quo
708 828 803 873 apud
828 828 1025 863 Iuvenalem
1050 839 1161 863 sermo
1187 831 1249 869 est,
1283 828 1390 862 servis
1415 839 1480 873 pa-

139 884 249 921 tebat.
299 884 413 928 Quare
438 885 564 919 civium
590 885 694 920 timor
719 898 741 921 a
766 891 870 931 poeta
895 886 1051 932 depictus
1075 897 1145 920 non
1171 897 1281 920 vanus
1307 890 1368 920 est.

258 942 339 977 Sine
365 942 471 977 dubio
496 947 612 977 autem
637 943 793 978 Iuvenali
819 943 924 978 etiam
949 955 1125 978 servorum
1151 943 1188 977 iu
1213 943 1346 978 domini
1372 946 1478 988 caput

138 1000 299 1045 quaestio
332 1004 413 1035 ante
445 1001 562 1035 oculos
595 1000 809 1037 versabatur.
866 1001 989 1046 ltaque
1021 1001 1218 1046 quaeritur,
1263 1005 1379 1036 utrum
1412 1000 1479 1035 hoc

140 1058 344 1104 imperatori
368 1057 445 1093 iure
470 1058 657 1104 opprobrio
682 1062 838 1094 vertatur
863 1071 978 1095 necne.
1033 1059 1148 1104 Atque
1182 1058 1323 1100 Tiberii,
1356 1062 1395 1094 ut
1427 1058 1478 1093 ita

138 1116 265 1157 dicam,
297 1116 437 1161 patroni
461 1116 664 1157 Karstenus,
699 1117 916 1162 Freytagius,
952 1117 1113 1152 Stahrius
1137 1121 1268 1162 negant
1292 1117 1478 1161 praecipue

139 1185 183 1209 ea
216 1173 258 1209 de
290 1185 410 1215 causa,
444 1173 537 1220 quod
570 1174 749 1220 Augustus
784 1186 921 1220 quoque
953 1174 996 1210 de
1028 1174 1135 1209 servis
1168 1174 1406 1220 quaestionem
1440 1173 1477 1208 in

138 1232 299 1268 dominos
316 1233 535 1269 instituerit.⁵
565 1234 744 1278 Augustus
761 1233 827 1268 hoc
845 1233 936 1275 fecit,
962 1233 1032 1275 sed,
1049 1233 1086 1268 id
1104 1232 1197 1278 quod
1215 1233 1315 1268 nobis
1332 1234 1479 1269 fortasse

142 1302 212 1325 non
237 1290 384 1325 multum
410 1289 550 1326 differre
575 1291 721 1332 videtur,
754 1291 849 1336 apud
873 1292 1048 1326 Romanos
1074 1295 1191 1326 autem
1223 1291 1355 1326 rituum
1380 1294 1480 1325 tena—

260 1399 270 1415 ¹
291 1396 349 1426 Csr.
375 1397 521 1426 Merivalei
547 1397 674 1438 ‘History
694 1397 726 1426 of
749 1397 798 1426 the
825 1397 950 1426 Romans
983 1397 1073 1426 under
1104 1397 1155 1426 the
1183 1394 1309 1434 Empirc'
1335 1397 1415 1426 Tom.
1441 1397 1478 1426 V.

139 1454 207 1483 pag.
223 1445 288 1475 372.
319 1445 400 1486 ⁴wide
426 1444 482 1474 and
509 1445 686 1483 sanguinary
711 1442 909 1482 proscription’
935 1447 964 1475 et
989 1445 1155 1487 <bloodshed
1181 1446 1210 1474 in
1233 1445 1326 1474 which
1347 1445 1478 1474 Tiberius

140 1493 249 1531 songht
268 1495 299 1523 to
319 1493 415 1523 drown
436 1493 482 1522 his
502 1490 743 1531 apprehensione?

258 1554 270 1570 ²
291 1551 349 1580 Cfr.
364 1552 398 1579 D.
414 1551 493 1580 Cass.
507 1552 553 1580 58.
569 1552 613 1580 11.
634 1555 691 1591 ‘scal
705 1548 795 1579 αὐτόν
808 1549 824 1579 ὁ
838 1547 935 1587 ὅμιλος
948 1555 1047 1589 τρισὶν
1066 1548 1148 1581 ὅλαις
1162 1547 1282 1589 ἡμέραις
1303 1549 1476 1587 ἐλυιιιήνατο,

140 1603 189 1628 καὶ
209 1595 285 1637 μετὰ
304 1599 393 1628 ’τοῦτο
414 1601 441 1630 ἐς
460 1595 514 1627 τὸν
532 1595 669 1636 ποταμὸν
690 1594 845 1636 &vestales

259 1661 271 1677 ³
291 1658 352 1688 Cfr.
379 1658 449 1688 Cod.
470 1658 574 1687 Theod.
600 1660 627 1688 9.
649 1661 675 1688 5.
699 1660 725 1688 1.
765 1659 916 1699 (Accusare
942 1667 1023 1687 servo
1049 1658 1198 1688 dominum
1221 1658 1267 1687 vel
1293 1658 1395 1688 liberto
1422 1667 1475 1695 pa-

139 1708 255 1735 tronum
278 1715 328 1735 seu
342 1707 478 1736 familiari
499 1716 553 1735 non
574 1706 642 1735 licet
662 1708 774 1743 praeter
794 1707 900 1736 crimen
920 1702 1099 1735 maiestatis?

257 1757 269 1774 ⁴
295 1755 339 1785 De
365 1755 502 1794 Caligula
528 1755 578 1785 cfr.
607 1755 686 1786 Suid.
714 1765 736 1785 S.
761 1765 788 1785 v.
846 1751 968 1797 ίΙ“ὀίί“ι.)ε,“’;
1002 1754 1232 1797 ίΔουλοκραίιίαν
1266 1752 1484 1792 νομοθετήσας

140 1807 287 1842 ἐπέτρεψε
307 1808 482 1843 κατηγορεῖν
501 1804 562 1832 τῶν
582 1803 744 1838 δεσποτῶν,
767 1805 798 1832 εἴ
812 1815 841 1832 τι
862 1801 900 1832 ἂν
920 1803 1026 1833 εἰδεῖεν
1045 1800 1143 1834 αὐτοῖς
1166 1800 1383 1841 πλημμέλημα.’
1423 1804 1479 1833 Est

136 1855 237 1881 autem
258 1861 350 1882 sermo
370 1852 405 1881 de
424 1852 570 1890 Caligula.

256 1900 298 1929 De
318 1901 415 1930 Nerva
435 1901 486 1931 cfr.
506 1901 541 1930 D.
563 1900 642 1930 Cass.
664 1901 710 1932 68.
733 1901 758 1930 1.
800 1897 882 1942 ιΤοὺς
902 1899 936 1929 δὲ
962 1899 1080 1931 δούλους
1104 1904 1153 1929 καὶ
1179 1898 1245 1930 τοὺς
1272 1899 1479 1939 ἐξελευθέρους

137 1945 207 1979 ’τους
226 1952 287 1979 τοῖς
307 1947 464 1980 δεσπόταις
485 1949 570 1988 σφῶν
591 1947 856 1986 ἐπιβουλεύσαντας
869 1945 1189 1979 πάνταςᾶπέκτεινεν]
1230 1949 1288 1979 Cfr.
1302 1949 1388 1978 etiam
1404 1958 1477 1986 quae

138 1998 170 2027 in
192 1998 323 2028 Haenelii
341 1998 414 2028 libro
435 1998 555 2040 ‘Corpus
575 1994 681 2036 legum‘
701 1998 738 2028 ad
758 1998 887 2036 singulos
908 1998 1093 2035 imperatores
1113 1998 1148 2028 de
1168 2007 1201 2028 ea
1221 2008 1251 2028 re
1277 1998 1422 2036 leguntur.

258 2048 270 2064 ⁵
290 2046 350 2076 Cfr.
372 2047 406 2076 D.
429 2046 509 2076 Cass.
531 2049 575 2076 55.
597 2048 623 2075 5.
664 2043 729 2087 ζὈτι
750 2043 828 2074 ὃόὗκ
849 2043 915 2078 ἐξὸν
934 2043 968 2074 ὃν
988 2046 1093 2075 δοῦλον
1112 2044 1188 2074 κατὰ
1208 2045 1356 2075 δεσπότου
1376 2050 1475 2082 βασα-

139 2093 295 2131 νισθῆναι,
317 2093 473 2133 ἐκέλευσεν,
496 2091 595 2125 ὁσάκις
615 2091 653 2123 ἂν
668 2097 756 2133 χρεία
776 2092 911 2123 τοιούτου
931 2091 1012 2125 τινος
1030 2098 1160 2135 γένηται,
1176 2094 1219 2131 τῷ
1232 2093 1367 2132 δημοσίῳ
1387 2090 1479 2123 αὐτὸν

138 2140 160 2179 ἢ
180 2146 228 2172 καὶ
249 2144 344 2180 ἑαυτῷ
362 2143 598 2183 πιπράσκεσθαι,
625 2141 703 2174 ὅπως
728 2141 766 2174 ὠς
787 2140 935 2183 ἀλλότριος
955 2144 1008 2173 τοῦ
1027 2148 1199 2183 κρινομένου
1225 2141 1267 2172 ὢν
1294 2142 1476 2180 ἑξητάζεται,

142 2191 172 2219 οἱ
190 2194 245 2228 μὲν
265 2188 399 2231 ᾐτιῶντο,
421 2189 467 2221 ὅτι
487 2189 502 2221 ὃ
522 2191 610 2230 νόμος
629 2193 667 2232 τῇ
686 2192 739 2220 τοῦ
759 2191 905 2221 δεσπότου
924 2192 1093 2232 μεταλλαγῇ
1115 2191 1319 2220 καταλύεσθαι
1351 2191 1477 2228 ἑζιιελλεν,

140 2239 171 2268 οἱ
190 2236 379 2280 δ’ἆναγκαῖον
405 2237 478 2270 αὐτὸ
505 2243 635 2281 ἔφασκον
662 2241 745 2276 εἶναι,
766 2237 812 2271 ὅτι
832 2240 937 2270 πολλοὶ
957 2238 1007 2270 διὰ
1033 2241 1122 2270 τοῦτο
1147 2244 1195 2269 καὶ
1223 2236 1350 2277 ἑπάὖτῷ
1377 2243 1480 2277 ἐκείνῳ

136 2291 189 2316 καὶ
211 2291 259 2316 ἐπὶ
278 2293 341 2320 ταῖς
362 2287 464 2328 ἀρχαῖς
485 2286 680 2319 συνίσταντο.’
