1779 2595
811 82 853 116 11

165 198 287 234 blimia
312 197 417 234 verba
443 198 485 234 de
511 198 614 234 rebus
631 198 773 234 minime
790 198 854 234 tali
872 198 1024 233 dictione
1042 197 1158 243 dignis
1176 197 1276 239 edit,l
1302 196 1504 242 saepissime

166 260 290 292 contra
314 257 500 302 praecipue
526 257 620 302 vulgi
647 257 690 291 de
715 257 789 292 deis
814 257 1012 301 opinionem
1038 259 1073 291 et
1099 256 1236 291 fabulas
1254 260 1406 290 veterum
1433 267 1505 290 sei-

164 326 266 350 mone
290 315 425 351 abiecto
451 319 590 351 tr-actat
643 314 906 361 Antiquissimis
932 314 1063 349 scilicet
1087 314 1301 359 temporibus
1320 313 1406 347 Iuno
1436 312 1505 347 vii-

163 367 325 418 guncula'
359 377 436 409 erat
468 372 580 420 (XIII.
616 374 701 420 40.,)
735 373 868 419 Iupiter
911 373 1066 408 nondum
1099 365 1279 408 barbatus
1312 372 1386 417 (VI.
1413 372 1503 416 16.;)

164 431 224 466 sed
250 431 407 476 quamvis
438 432 543 476 longo
568 443 652 466 aevo
686 443 797 477 neque
822 431 955 476 Iupiter
988 441 1099 475 neque
1125 430 1220 465 Mais
1254 430 1299 465 ab
1326 442 1381 464 an
1385 429 1504 464 01ibus

164 489 385 526 abducuntur
402 490 480 537 (VI.
501 491 584 536 59..)
635 490 789 526 Pierides
815 490 955 525 nomine
981 481 1199 543 puellarum'
1226 487 1376 524 honorat
1400 489 1504 533 poeta

163 549 239 594 (IV.
279 551 369 596 35),
404 549 550 584 tritones
604 549 764 584 iuvenum
797 541 1022 584 marinor’um
1062 548 1172 595 (XIV.
1217 549 1326 593 283).
1386 547 1504 582 Venus

164 607 312 651 epistola
337 607 556 642 commendat
582 608 687 642 Marti
713 608 860 642 tironem
886 607 996 653 (XVI.
1024 607 1075 651 5)
1101 606 1183 641 alia.
1240 605 1416 640 Daedalus
1442 616 1504 639 no-

165 665 318 699 minatur
355 658 464 699 faber'
490 665 636 711 (1.54.‚)
663 666 814 710 Pegasus
852 658 1020 700 caballus'
1047 663 1255 711 (111.118.),
1281 664 1383 698 Iason
1403 674 1503 716 tmer-

164 705 534 769 catoi'(·VI.153.,)
555 723 666 759 Niobe
698 726 841 769 propter
875 723 1123 759 fecunditatem
1164 725 1386 767 comparatur
1426 732 1503 756 cum

176 775 299 817 scrofa'
318 782 395 828 (VI.
416 782 522 826 177..)
573 782 750 817 Hannibal
777 786 830 817 est
866 782 937 817 dux
964 774 1092 817 luscus'
1111 782 1169 827 (X.
1192 781 1298 827 158.‚)
1317 784 1417 825 pater
1435 780 1502 814 De-

164 840 354 875 mosthenis
378 840 533 893 cfuligine
559 833 687 885 lippus
705 840 764 886 (X.
785 841 891 886 130.)
942 841 1042 875 Talia
1068 844 1102 875 et
1127 840 1256 875 similia
1280 838 1503 873 inveniuntur

165 898 282 932 multa.
333 897 431 932 Iocos
457 909 517 932 suo
544 898 694 942 ingenio,
720 902 761 933 ut
785 898 836 933 ita
862 898 985 939 dicam,
1011 899 1169 932 inventos
1195 909 1337 942 perraro
1363 897 1445 932 edit.

281 1014 355 1049 Iam
381 1013 596 1049 instituenda
614 1017 666 1049 est
684 1014 854 1060 quaestio,
881 1027 973 1056 num,
999 1018 1039 1050 ut
1056 1013 1212 1060 pondera
1231 1013 1331 1049 daret
1348 1011 1503 1054 dictioni,

164 1073 404 1108 commenticia
445 1072 623 1108 inf-arserit
655 1073 947 1118 descriptionibus
989 1073 1165 1118 ceteroqui
1199 1073 1288 1107 veris
1322 1071 1503 1107 Iuvenalis.

164 1131 218 1166 Ad
246 1143 351 1176 quam
377 1143 448 1165 rem
474 1131 730 1176 explanandam
758 1132 983 1173 sciscitemur,
1009 1143 1079 1176 qua
1104 1143 1141 1166 re
1158 1134 1349 1166 commotus
1367 1133 1503 1165 saturas

108 1190 111 1193 ⁴
163 1189 414 1235 conscripserit.
468 1190 582 1235 Atque
608 1190 755 1235 cogitari
782 1193 905 1235 potest,
931 1202 994 1225 nec
1020 1190 1213 1232 defuerunt,
1240 1189 1300 1235 qui
1326 1188 1391 1224 hoc
1408 1187 1503 1223 affir-

165 1251 310 1289 marent,
335 1250 470 1292 poetam
498 1247 564 1282 sibi
591 1248 734 1292 elegisse
760 1260 831 1283 rem
857 1248 1086 1289 tractandam,
1113 1260 1203 1293 quae
1220 1259 1380 1292 magnam
1403 1258 1503 1292 prae-

165 1306 261 1341 beret
295 1306 476 1341 materiam
510 1305 555 1340 ad
589 1306 831 1341 ostentandam
866 1307 1085 1352 eloquentiae
1119 1307 1277 1351 artisque
1310 1305 1503 1341 rhetoricae

165 1364 394 1399 sacultatem.2
433 1364 498 1398 Res
517 1363 624 1407 igitur
642 1368 804 1399 narratas
821 1365 987 1399 inservire
1001 1364 1169 1398 narrandi
1183 1364 1328 1405 rationi3
1355 1367 1503 1408 poetam,

165 1420 350 1456 dummodo
377 1419 556 1456 affectaret-
581 1421 763 1456 verborum
789 1433 961 1467 pompam,
988 1422 1144 1457 omisisse
1169 1421 1326 1456 veritatis
1352 1421 1499 1455 laudem.

164 1480 264 1522 Quod
291 1480 414 1515 falsum
441 1491 514 1515 esse
539 1480 625 1515 mihi
643 1480 786 1516 videtur.
830 1480 962 1522 Nonne,
988 1492 1050 1516 cur
1068 1484 1204 1515 saturas
1223 1480 1362 1521 scribat,
1390 1480 1501 1525 primo

163 1538 316 1574 carmine
342 1541 461 1584 aperte
486 1539 653 1584 exponit?
702 1538 853 1575 Difficile
877 1539 930 1574 ait
963 1551 1036 1575 esse
1062 1542 1219 1575 saturam
1245 1551 1313 1574 non
1341 1539 1501 1580 scribere,

163 1609 240 1632 cum
267 1597 382 1632 omnia
408 1609 543 1642 pessum
572 1597 663 1632 irent
688 1598 732 1643 (v.
759 1598 842 1643 30.).
886 1598 983 1633 Vitia
1009 1602 1130 1633 notare
1146 1598 1220 1633 vult
1238 1598 1289 1632 vel
1313 1597 1501 1642 ineleganti

163 1666 330 1697 sermone,
356 1655 385 1690 si
412 1654 550 1690 deficiat
567 1655 745 1700 ingenium
763 1656 808 1701 (v.
829 1656 913 1702 80),
940 1656 1136 1700 indignatio
1155 1656 1246 1690 enim
1265 1656 1348 1690 facit
1366 1667 1500 1690 versum

163 1714 208 1760 (v.
238 1715 319 1759 79.).
372 1714 418 1748 At
443 1713 535 1748 dices
560 1717 699 1759 poetam
716 1725 858 1759 parcere
877 1714 961 1749 vivis
979 1714 1020 1761 (1.
1045 1714 1140 1760 170.)
1159 1715 1319 1759 solosque
1338 1714 1502 1749 insectari

164 1775 329 1806 mortuos.
380 1772 501 1816 Itaque
527 1776 665 1806 saturas
691 1773 775 1813 eius,
811 1773 941 1818 quippe
967 1772 1095 1818 quibus
1120 1785 1220 1808 nemo
1247 1777 1309 1807 aut
1334 1773 1503 1818 puniatur

162 1834 225 1865 aut
250 1829 461 1872 emendetur,
494 1841 567 1865 esse
600 1842 720 1875 nugas.
778 1830 829 1866 Ne
863 1835 975 1866 certas
1010 1831 1150 1877 quidem
1184 1843 1349 1877 personas
1382 1830 1427 1866 ab
1462 1842 1501 1865 eo

165 1892 304 1923 notatas
331 1900 404 1924 esse
429 1889 529 1924 multi
557 1888 696 1924 dicunt:
723 1890 866 1925 nomina
890 1890 974 1935 poni
1000 1902 1063 1935 pro
1089 1890 1172 1925 totis
1198 1890 1377 1925 hominum
1401 1902 1501 1934 gene-

162 1947 258 1982 ribus
292 1951 352 1982 aut
385 1947 525 1982 omnino
560 1959 633 1983 esse
666 1947 757 1983 ficta.
809 1949 924 1994 Atque
957 1961 1139 1994 personas,
1179 1961 1264 1995 quas
1298 1948 1501 1983 nominatim

164 2004 274 2047 affert,
300 2006 466 2051 temporis
491 2005 598 2041 fuisse
623 2006 775 2052 exceptis
800 2007 921 2052 paucis
949 2007 1142 2042 Domitiani
1167 2007 1326 2048 concedo,
1352 2006 1410 2041 sed
1437 2006 1502 2041 hoc

163 2064 252 2098 nihil
278 2064 399 2105 refert3
427 2076 538 2108 neque
564 2065 654 2099 enim
681 2069 752 2099 tam
779 2066 815 2100 id
840 2066 926 2110 agit,
959 2070 998 2100 ut
1024 2066 1178 2110 singulos
1205 2066 1371 2107 mordeat,
1397 2077 1500 2110 quam

283 2162 292 2178 ¹
314 2159 373 2189 cfr.
395 2160 432 2189 Π.
455 2161 501 2197 64,
517 2161 573 2197 65,
594 2160 647 2190 ΠΙ.
670 2161 716 2197 71,
739 2162 784 2197 72,
806 2162 862 2197 91.,
882 2162 933 2192 IV.
952 2163 1015 2190 tota
1035 2163 1134 2190 satura
1155 2163 1237 2198 poeta
1258 2161 1389 2190 imitatur
1410 2159 1502 2197 lepide

163 2208 305 2244 epicorum
327 2218 418 2245 genus
438 2208 559 2244 dicendi,
582 2209 615 2238 V.
640 2210 704 2245 115,
728 2210 801 2245 125„
823 2210 875 2239 VI.
896 2213 942 2240 29.
965 2220 1005 2247 sq.
1028 2212 1104 2246 605„
1127 2210 1190 2239 VII.
1213 2213 1239 2246 6,
1260 2212 1286 2246 7,
1309 2211 1355 2241 42,
1371 2211 1417 2246 70,
1438 2211 1501 2245 159,

165 2257 239 2294 160.,
261 2257 341 2285 VIII.
365 2258 428 2293 109,
449 2257 515 2286 221.
537 2256 598 2289 (cfr.
620 2256 657 2285 ad
678 2257 707 2286 h.
728 2257 747 2286 l.
771 2257 973 2296 Heinrichius),
994 2258 1044 2287 IX.
1069 2259 1133 2294 130,
1157 2259 1220 2288 136.
1242 2260 1293 2287 etc.

282 2307 294 2324 *²
314 2305 375 2335 Hoc
394 2307 439 2334 est
459 2305 594 2334 iudicium
618 2305 757 2336 Teuffclii.
