1779 2595
904 124 925 158 8

740 238 812 273 Sat.
842 238 900 272 VI.
935 239 1013 273 115.
1040 250 1089 284 sq.

1192 305 1342 348 ‘claudius
1362 305 1430 335 audi

498 354 577 390 Quae
598 354 706 383 tulerit.
749 354 879 383 Dormire
901 354 992 383 virum
1015 364 1078 383 cum
1107 357 1237 385 senserat
1257 364 1334 392 uxor,

499 402 615 431 Sumere
636 404 790 431 nocturnos
811 403 943 431 meretrix
966 404 1098 440 Augusta
1120 404 1246 434 cucullos

499 451 577 479 Ausa
597 447 660 480 etc.’

362 538 469 573 Poeta
503 538 688 572 mulierum
721 537 885 573 libidines
918 538 1116 574 describens
1156 538 1313 584 exemplo
1353 538 1464 573 utitur
1501 539 1588 573 satis

245 596 355 640 gravi.
406 597 525 631 Sermo
551 599 604 631 est
621 595 664 630 de
682 595 881 635 Messalina,
900 596 1040 632 Claudii
1059 597 1218 632 Caesaris
1236 608 1351 631 uxore.
1405 596 1479 631 Hoc
1495 597 1587 631 enim

245 658 395 700 apparet
420 666 463 689 ex
490 666 517 691 v.
548 656 626 696 115,
655 656 734 690 116.
761 658 795 690 et
821 667 850 689 v.
881 656 958 690 124.

499 731 699 773 ‘Ostenditque
721 734 812 768 tuum,
834 741 969 769 gcnerosc
990 733 1164 769 Britannice,
1187 731 1334 762 ventrem.'

364 800 482 846 Atque
507 799 683 835 Iuvenalis
709 812 842 835 summa
868 812 944 835 cum
970 800 1167 837 subtilitate
1184 804 1218 836 et
1236 800 1454 846 singularum
1471 811 1586 835 rerum

245 859 478 903 descriptione
509 862 632 893 narrat
663 858 827 894 feminam
860 859 959 894 illam
993 863 1093 894 nocte
1124 859 1161 894 in
1187 859 1338 905 lupanar
1364 859 1445 894 iisse
1469 859 1588 905 ibique

245 929 309 962 pro
335 916 514 952 meretrice
540 916 657 951 fuisse.
710 916 801 952 Sane
835 928 890 951 res
925 916 1170 961 indignissima
1195 921 1230 952 et
1254 917 1322 952 fide
1347 917 1468 952 maior.
1520 916 1589 953 Sed

245 987 315 1010 non
342 978 404 1017 est,
429 986 491 1010 cur
516 986 680 1019 negemus
706 974 772 1009 hoc
797 986 917 1010 revera
942 975 1070 1010 factum
1097 986 1181 1018 esse,
1207 975 1236 1010 si
1259 974 1410 1021 quidem,
1436 986 1525 1021 quae
1542 975 1587 1011 ab

246 1034 326 1069 aliis
352 1045 470 1068 rerum
495 1033 725 1079 scriptoribus
751 1033 884 1069 tradita
910 1037 1003 1074 sunt,
1028 1033 1146 1069 animo
1171 1045 1395 1070 recensemus,

364 1091 525 1127 Feminas
550 1091 647 1126 illius
682 1091 847 1137 temporis
881 1091 1050 1137 plurimas
1084 1091 1190 1127 fuisse
1221 1091 1409 1127 admodum
1441 1091 1589 1127 lascivas

244 1153 391 1185 constat.
443 1149 513 1185 Nec
538 1149 692 1191 deerant,
718 1161 818 1195 quae,
845 1162 1058 1195 quamquam
1084 1161 1215 1185 summo
1240 1150 1316 1185 loco
1334 1154 1447 1192 natae,
1472 1153 1588 1185 tamen

246 1220 357 1253 usque
388 1220 428 1243 eo
463 1208 702 1253 impudicitiae
727 1207 1030 1252 progrederentur,
1063 1212 1103 1242 ut
1128 1208 1348 1243 meretricum
1375 1208 1446 1243 ritu
1471 1208 1589 1253 palam

245 1278 282 1301 se
307 1269 495 1311 gererent.¹
547 1266 654 1311 Atqui
682 1265 871 1301 Messalina
904 1266 1032 1301 femina
1066 1270 1144 1311 post
1176 1266 1355 1301 hominum
1387 1266 1589 1301 memoriam

244 1325 534 1360 libidinosissiina
551 1324 627 1360 fuit.
666 1324 852 1360 Adulteria
869 1324 943 1360 eius
961 1324 1062 1360 nobis
1080 1324 1212 1360 tradita
1231 1336 1432 1360 enumerare
1449 1324 1589 1370 longum

246 1386 327 1419 est.2
377 1384 445 1419 Sed
478 1387 619 1418 exstant
643 1384 843 1418 testimonia
874 1383 919 1418 ad
954 1384 1046 1418 hanc
1075 1383 1187 1429 ipsam
1221 1396 1304 1425 rem,
1330 1396 1435 1429 quam
1468 1388 1591 1419 narrat

246 1442 432 1482 Iuvenalis,
450 1441 654 1486 spectantia.
700 1442 814 1486 Atque
832 1441 991 1476 Plinius³
1009 1453 1085 1477 eam
1103 1445 1276 1477 certamen
1295 1441 1453 1477 libidinis
1470 1441 1591 1477 iniisse

247 1512 326 1534 cum
359 1502 473 1534 scorto
506 1499 612 1535 refert
646 1499 842 1544 exemplum
875 1511 950 1534 eam
977 1510 1173 1545 proponens
1208 1499 1429 1535 insatietatis.
1481 1499 1590 1534 Porro

247 1558 284 1591 in
316 1558 393 1602 ipso
427 1557 560 1602 palatio
593 1556 747 1592 instituit
777 1557 938 1602 lupanar,
970 1557 1007 1591 in
1034 1569 1102 1602 quo
1136 1557 1214 1602 ipsa
1246 1556 1438 1601 prostabat.
1490 1557 1591 1599 Quod

370 1696 378 1710 ¹
401 1693 461 1721 Cfr.
483 1693 548 1721 Tac.
576 1702 641 1721 ann.
663 1693 701 1721 ΙΙ.
730 1694 776 1721 85.
819 1692 935 1732 ‘Eodem
965 1701 1039 1720 auno
1060 1692 1198 1728 gravibus
1219 1694 1336 1720 senatus
1357 1692 1477 1720 decretis
1503 1692 1592 1721 libido

249 1741 420 1771 feminarum
443 1741 573 1779 coercita,
595 1743 779 1779 cautumque,
801 1749 835 1769 ne
862 1740 1013 1778 quaestum
1035 1748 1150 1777 corpore
1170 1739 1284 1777 faceret,
1305 1739 1351 1769 cui
1375 1743 1428 1769 aut
1448 1749 1519 1769 avus
1540 1741 1593 1770 aut

248 1794 330 1828 pater
349 1793 401 1820 aut
415 1792 538 1820 maritus
552 1800 637 1828 eques
651 1790 798 1819 Romanus
812 1790 924 1820 fuisset.
965 1790 1041 1819 Nam
1059 1789 1185 1826 Vistilia,
1201 1789 1344 1827 praetoria
1359 1789 1470 1820 familia
1483 1790 1592 1828 genita,

248 1840 394 1868 licentiam
423 1840 516 1875 stupri
545 1838 621 1875 apud
649 1839 756 1867 aediles
776 1838 955 1875 vulgaverat,
977 1847 1054 1866 more
1080 1838 1155 1866 inter
1183 1840 1289 1866 veteres
1310 1840 1429 1874 recepto,
1450 1839 1500 1874 qui
1521 1839 1593 1866 satis

250 1897 404 1925 poenarum
432 1887 569 1916 adversus
593 1886 754 1924 impudicas
774 1887 803 1915 in
825 1887 888 1924 ipsa
902 1885 1076 1923 professione
1091 1886 1194 1924 flagitii
1216 1883 1386 1915 credebant?
1426 1885 1491 1915 Non
1507 1895 1591 1915 unam

250 1937 397 1966 Vistiliam
420 1937 472 1965 hoc
498 1937 527 1964 in
556 1945 587 1964 se
614 1936 765 1965 admisisse
791 1938 916 1964 testatur
936 1935 1106 1970 Suetonius3
1132 1935 1182 1964 cfr.
1205 1935 1253 1963 vit.
1276 1934 1340 1964 Tib.
1362 1936 1407 1964 35.
1449 1935 1593 1976 (Feminae

250 1985 384 2021 famosae,
406 1986 438 2013 ut
460 1984 495 2013 al
517 1984 666 2013 evitandas
687 1984 783 2020 legum
800 1992 905 2019 poenas
926 1984 986 2011 iure
1000 1992 1033 2011 ac
1047 1982 1191 2019 dignitate
1206 1983 1358 2011 matronali
1373 1983 1593 2020 exsolverentur,

250 2033 422 2063 lenocinium
445 2033 572 2070 profiteri
593 2030 762 2070 coeperant.'

369 2094 380 2111 ²
401 2092 461 2121 Cfr.
476 2093 541 2121 Tac.
557 2101 623 2121 ann.
638 2092 690 2120 XI.
708 2091 851 2127 12.—37.‚
872 2090 907 2119 D.
924 2090 1004 2118 Cass
1027 2090 1073 2119 60.
1097 2091 1140 2119 14.
1162 2089 1302 2124 Silanum,
1323 2090 1425 2118 matris
1446 2090 1592 2127 maritum,

250 2150 333 2178 qucm
356 2149 534 2177 corrumpere
556 2140 664 2168 frustra
684 2141 786 2168 conata
806 2141 876 2174 erat,
897 2138 1053 2171 interfecit3
1075 2137 1111 2167 ib.
1130 2138 1174 2167 18.
1206 2137 1389 2178 naamam
1405 2137 1438 2165 δὲ
1453 2141 1485 2165 ἐν
1498 2137 1594 2174 τούτῳ

251 2187 326 2225 αὐτή
348 2201 379 2217 τε
402 2185 555 2227 ἦσεῖγαιιέ
582 2191 630 2215 καὶ
656 2184 708 2217 τὰς
729 2184 816 2217 ἄλλας
840 2189 976 2225 γυναῖκας
998 2182 1223 2213 ‹iaculamur-mur
1242 2182 1349 2222 ὁμοίως
1371 2182 1523 2225 ἠνάγκαζε,
1545 2189 1594 2213 καὶ

252 2236 359 2267 πολλά,-
373 2249 406 2276 ys
420 2240 468 2265 καὶ
484 2240 515 2264 ἐν
529 2233 609 2272 tuing]
627 2236 669 2272 τῷ
690 2235 836 2271 παλαῐίῳ,
859 2235 919 2263 τῶν
940 2231 1058 2272 ἀνδρῶν
1077 2232 1243 2271 παρόντων,
1264 2232 1461 2271 μοιχείιεσθαι
1481 2230 1593 2263 ἐποίει.)

254 2287 313 2316 Cfr.
336 2286 374 2316 ib.
396 2287 452 2322 22„
474 2287 530 2321 27„
552 2286 609 2322 28,
631 2285 676 2314 31.
698 2287 727 2313 et
748 2284 824 2313 Plin.
846 2285 906 2313 nat.
928 2284 996 2312 hist.
1017 2284 1063 2312 29.
1086 2283 1112 2311 4.

372 2347 383 2363 ³
404 2345 464 2374 Cfr.
486 2344 561 2373 Plin.
584 2345 643 2373 nat.
665 2343 733 2373 hist.
758 2345 802 2373 10.
823 2343 869 2372 83.
