1779 2595
923 99 945 133 6

267 215 504 259 gratissimum
538 215 568 250 ei
600 214 755 251 futurum
790 215 896 251 fuisse
926 216 1121 261 putandum
1153 220 1219 259 est,
1252 217 1281 252 si
1314 220 1411 252 aetas
1438 216 1523 253 vitia
1548 216 1608 253 de-

265 273 449 308 scribenda
475 274 615 308 omnino
642 285 711 309 non
737 274 1023 319 suppeditasset.¹

384 331 514 373 Quodsi
541 332 605 373 his,
626 344 714 377 quas
740 333 854 372 attuli,
880 333 995 368 causis
1021 333 1135 367 minus
1161 332 1288 368 tribuis
1306 333 1470 378 ponderis
1496 345 1608 378 neque

266 390 461 425 Iuvenalem
488 390 652 425 lasciviae
677 403 783 426 causa
800 390 937 435 flagitia
962 403 1030 427 non
1053 391 1193 426 finxisse
1219 392 1283 427 tibi
1302 391 1517 437 persuasisti,
1542 403 1607 436 age

265 448 522 483 consideremus
542 449 645 490 locos,
663 449 791 494 quibus
816 448 1011 485 afferantur
1028 462 1082 485 res
1101 461 1234 485 omnem
1254 449 1356 484 fidem
1382 450 1606 494 egredientes.

265 507 335 542 Ubi
370 507 398 542 si
430 508 568 542 narrari
603 519 684 542 vera
716 508 1071 553 comprobaverimus,
1097 508 1140 544 de
1173 508 1293 544 ceteris
1326 508 1445 550 rebus,
1478 508 1607 554 quippe

265 566 379 600 minus
404 566 580 611 gravibus,
607 565 761 601 dubitari
789 579 857 602 non
884 567 954 602 iam
979 567 1108 603 licebit.

745 684 814 718 Sat.
842 684 884 719 II.
914 697 940 720 v.
971 687 1048 718 117.
1075 696 1124 729 sq.

537 761 764 802 (Quadringenta
785 762 866 790 dedit
886 761 1034 791 Gracchus
1055 763 1187 791 sestertia
1208 762 1300 791 dotem

537 811 690 847 Cornicini,
712 811 772 840 sivo
794 811 839 840 hic
861 813 936 840 recto
957 812 1115 840 cantaverit
1135 820 1212 840 aere:

536 860 674 896 Signatae
696 860 826 894 tabulae:
849 860 957 889 dictum
979 858 1148 902 ‘Fe-liciter?
1170 861 1270 898 ingens

536 909 614 937 Cena
635 908 728 945 sedet3
750 910 859 946 gremio
881 909 970 938 iacuit
992 919 1065 938 nova
1085 911 1176 946 nupta
1197 906 1314 938 maritis

379 1005 480 1039 Talia
505 1005 729 1039 matrimonia
755 1005 906 1039 nefanda
939 1005 1127 1039 identidem
1155 1005 1260 1040 variis
1292 1006 1487 1039 rationibus
1514 1005 1605 1040 Nero

262 1062 401 1109 quidem
428 1063 552 1106 iniit32
577 1063 638 1099 alii
665 1063 730 1099 hoc
757 1063 877 1099 secisse
903 1075 970 1099 non
990 1062 1189 1100 traduntur.
1239 1062 1361 1109 Neque
1384 1075 1463 1099 vero
1481 1074 1523 1098 ex
1540 1063 1607 1099 hac

260 1136 298 1158 re
324 1123 600 1158 concludendum
636 1135 709 1157 esse
734 1127 818 1167 puto
853 1122 939 1157 haec
973 1123 1017 1157 ab
1052 1123 1132 1157 aliis
1158 1123 1250 1157 facta
1283 1135 1351 1157 non
1379 1135 1469 1164 esse3
1502 1123 1606 1158 immo

260 1181 430 1226 principis
470 1180 667 1225 exemplum
708 1181 793 1225 quin
834 1180 1135 1224 deperditissimus
1174 1181 1322 1225 quisque
1353 1192 1394 1214 ex
1431 1180 1607 1215 nobilibus

263 1243 400 1274 secutus
427 1239 482 1280 sit,
508 1251 578 1274 non
604 1238 728 1280 habeo,
749 1251 811 1274 cur
837 1237 1001 1274 dubitem.
1053 1238 1100 1273 Et
1125 1238 1214 1273 inter
1240 1250 1352 1273 mares
1383 1250 1487 1274 venus
1513 1238 1607 1274 haud

261 1299 367 1331 rara³
393 1297 459 1331 fuit
485 1298 555 1331 illis
589 1297 812 1340 temporibus.
866 1297 1008 1330 Accedit
1034 1297 1145 1330 altera
1179 1308 1294 1336 causa,
1321 1297 1413 1340 quod
1440 1297 1506 1331 hoc
1530 1298 1605 1331 loco

259 1354 302 1388 de
328 1366 365 1389 re
391 1365 472 1389 vera
497 1354 555 1398 agi
581 1353 743 1389 arbitrer.
789 1353 967 1389 Gracchus
986 1364 1058 1388 esse
1077 1353 1199 1399 nequit
1216 1365 1364 1399 persona
1381 1353 1473 1390 ficta.
1517 1354 1604 1389 Nam

259 1413 396 1447 duobus
421 1413 507 1448 locis
532 1413 593 1457 (ΙΙ.
615 1415 694 1447 143.
714 1425 763 1458 sq.
790 1417 823 1448 et
843 1412 937 1448 VIII.
959 1413 1039 1447 200.
1059 1412 1126 1457 sq.)
1152 1412 1256 1456 longo
1283 1413 1397 1457 spatio
1423 1412 1605 1448 disiunctis

259 1470 302 1504 de
329 1470 447 1504 eodem
474 1471 602 1505 scelere
636 1482 747 1505 sermo
775 1474 835 1509 est,
870 1470 1052 1504 retiarium
1086 1481 1160 1504 eum
1188 1470 1223 1503 in
1257 1481 1399 1504 arenam
1425 1470 1604 1515 prodiisse.

259 1528 352 1564 Luce
385 1528 494 1573 igitur
528 1528 657 1563 clarius
691 1532 743 1564 est
779 1528 821 1564 de
855 1527 995 1563 homine
1031 1528 1089 1573 agi
1123 1531 1216 1563 certo
1251 1531 1285 1563 et
1318 1527 1478 1563 omnibus
1512 1531 1604 1564 noto.

260 1587 333 1621 Hoc
359 1591 474 1621 autem
502 1599 663 1621 concesso
690 1587 732 1621 de
758 1587 890 1631 nuptiis
917 1587 990 1620 eius
1010 1586 1166 1621 dubitari
1186 1599 1253 1620 non
1272 1587 1340 1620 iam
1359 1591 1481 1631 potest.
1516 1587 1605 1621 Nam

258 1645 392 1679 homini
419 1648 501 1679 noto
528 1645 638 1679 scelus
664 1645 846 1690 imputare,
879 1645 973 1690 quod
1009 1656 1078 1679 non
1114 1644 1243 1679 factum
1275 1656 1349 1680 esse
1382 1645 1605 1690 unusquique

260 1703 402 1744 sciebat,
428 1702 617 1737 absurdum
645 1703 720 1737 fuit.

378 1842 385 1856 ¹
409 1839 494 1866 Recte
522 1838 662 1866 refutavit
690 1838 862 1866 Ribbeckius
892 1838 909 1866 l.
938 1847 960 1866 c.
990 1847 1056 1875 pag.
1083 1840 1109 1867 3.
1137 1839 1306 1866 sententiam
1336 1839 1368 1866 0.
1390 1838 1530 1874 Muelleri7
1556 1839 1604 1874 qui

257 1886 438 1923 (Geschichte
466 1886 517 1914 der
538 1886 644 1924 griech.
667 1886 723 1914 Lit.
746 1886 790 1913 his
811 1895 862 1914 zur
884 1886 945 1914 Zeit
966 1886 1141 1914 Alexanders
1162 1886 1211 1914 des
1232 1886 1365 1920 Grossen,
1395 1886 1473 1914 Toni.
1494 1886 1516 1915 Ι.
1539 1895 1604 1923 pag.

257 1936 349 1970 230):
372 1936 442 1975 <Den
465 1935 631 1971 Gemfflden,
654 1935 757 1972 inquit,
779 1935 912 1963 Iuvenals
934 1935 1009 1963 fehlt
1030 1935 1079 1963 der
1097 1934 1294 1971 Hintergrund
1316 1935 1393 1963 einer
1407 1934 1529 1964 schonau
1547 1935 1604 1964 und

256 1984 432 2012 erhebenden
458 1984 644 2021 Vorstellung
666 1993 719 2012 von
744 1984 823 2020 Rom,
858 1984 909 2011 wie
930 1992 959 2011 cs
991 1984 1052 2011 sein
1080 1983 1163 2011 sollte
1192 1983 1259 2012 oder
1281 1985 1333 2012 wie
1361 1993 1390 2012 cs
1417 1985 1444 2012 in
1471 1984 1603 2012 fri'iheren

257 2033 356 2061 Zeiten
378 2028 526 2069 gewesen.'

374 2084 386 2100 2
407 2082 528 2118 Sporum
558 2091 672 2110 uxorem
702 2081 785 2109 duxit
806 2091 879 2121 (cum
902 2081 967 2109 dote
994 2082 1021 2109 et
1043 2081 1172 2109 flammeo
1200 2090 1250 2117 per
1277 2081 1416 2110 solemnia
1438 2081 1603 2117 nuptiarum

255 2130 437 2158 celeberrimo
459 2130 552 2158 officio
574 2126 746 2159 deductam'.
788 2130 860 2166 (Cfr.
883 2129 962 2158 Suet.
984 2129 1034 2158 vit.
1058 2129 1124 2158 Ner.
1147 2130 1205 2163 28.)
1247 2130 1426 2166 Doryphoro,
1448 2130 1523 2158 sicut
1549 2130 1605 2165 ipsi

256 2180 378 2216 Sporus⁷
407 2180 449 2208 ita
477 2180 537 2216 ipse
566 2179 709 2215 denupsit.
751 2179 822 2215 (Cfr.
852 2179 890 2208 ib.
918 2179 976 2215 29.)
1025 2178 1209 2216 Pythagorae
1236 2179 1342 2215 nupsit.
1385 2177 1522 2219 (luditum
1550 2178 1604 2206 im-

256 2229 380 2264 peratori
396 2228 569 2263 flammeum,
593 2228 672 2255 missi
694 2228 839 2263 auspices3
861 2227 912 2256 dos
933 2229 962 2255 et
981 2227 1105 2264 genialis
1126 2228 1206 2255 torus
1227 2229 1255 2256 et
1277 2228 1352 2255 faces
1373 2227 1516 2263 nuptiales
1529 2249 1535 2255 .
1549 2249 1555 2255 .
1568 2249 1574 2255 .
1588 2223 1605 2255 .‘

255 2276 325 2313 (cfr.
340 2277 406 2305 Tac.
425 2285 490 2304 ann.
508 2276 573 2305 XV.
589 2276 647 2312 37.)
674 2276 739 2312 Ipse
753 2278 782 2304 et
797 2276 850 2304 viri
866 2277 896 2303 et
910 2275 1032 2303 feminae
1047 2277 1144 2311 partes
1159 2275 1228 2311 egit.
1251 2275 1323 2312 (Cfr.
1339 2275 1373 2304 D.
1391 2275 1469 2303 Cass.
1487 2276 1532 2304 63.
1549 2275 1605 2311 13.)

373 2327 385 2343 ³
409 2325 468 2354 Hoc
489 2327 568 2362 patet
589 2334 620 2354 cx
643 2325 706 2362 lege
727 2324 876 2354 Scantinia
897 2324 931 2353 do
954 2323 1075 2353 nefanda
1097 2333 1207 2353 venere.
