1779 2595
931 86 954 120 4

266 212 391 247 parum
418 200 581 246 integris,
615 200 666 236 ita
698 203 739 236 ut
770 200 933 236 libidines
964 200 1114 236 lascivas
1146 200 1313 247 depingat
1341 199 1610 241 commenticias,

268 260 325 295 vix
351 260 536 304 quisquam
561 259 769 295 contendere
799 259 937 294 audeat.
987 259 1102 294 Mores
1135 260 1209 294 eius
1242 259 1363 304 quales
1394 258 1534 300 fuerint,
1567 270 1610 294 ex

268 318 407 363 scriptis
433 318 508 353 eius
534 318 618 353 solis
643 317 804 363 cognosci
830 318 920 354 licet.
971 317 1060 353 Nam
1093 328 1135 352 ex
1167 317 1373 363 aequalibus
1405 329 1491 353 unus
1516 316 1611 352 Mar-

266 376 378 419 tialis,
414 388 563 422 quocum
595 375 873 412 familiaritatem
907 376 1039 418 iunxit,
1072 387 1151 412 eum
1184 380 1438 412 commemorat.
1496 375 1611 421 Atque

266 435 349 470 libri
376 435 453 470 V11.
479 435 605 479 epigrr.
633 436 690 469 24.
719 437 755 471 et
772 436 829 470 91.
856 435 925 470 huc
949 434 1091 470 omnino
1116 446 1186 470 non
1213 437 1390 479 spectant;
1415 434 1475 469 sed
1501 445 1544 469 ne
1569 445 1612 469 ex

266 492 350 528 libri
376 492 455 527 XII.
483 493 590 537 epigr.
620 494 698 527 18.1
724 492 865 537 quidem
884 491 927 527 de
943 492 1100 528 moribus
1121 491 1297 527 Iuvenalis
1321 491 1513 537 quidquam
1531 503 1613 526 con-

266 550 476 586 cludendum
502 554 564 586 est.
614 550 703 586 Nam
730 554 976 596 praeterquam
994 550 1088 596 quod
1105 550 1142 586 in
1161 550 1220 585 vili
1240 554 1275 586 et
1292 549 1428 586 abiecto
1446 560 1612 591 sermone,

267 621 368 654 quem
403 608 578 644 Martialis
615 620 684 644 non
719 609 834 644 minus
870 620 973 657 quam
1012 609 1185 644 Iuvenalis
1219 620 1322 654 saepe
1363 620 1405 644 ex
1437 608 1613 643 industria

267 670 425 713 usurpat,
452 660 612 720 ‘Subura'
638 667 782 712 ponitur
807 678 871 713 pro
897 667 1017 713 aliqua
1041 667 1183 712 regione
1207 667 1348 709 Romae,
1378 667 1416 702 in
1449 666 1515 702 hoc
1539 666 1613 712 epi-

268 729 461 770 grammate
486 737 556 760 non
582 725 700 760 taedia
726 725 1027 766 deverfficulorum,
1060 725 1120 760 sed
1152 726 1273 760 munia
1298 726 1478 760 clientium
1504 725 1612 769 signi-

266 783 428 818 ficantur.
482 782 701 828 Quamquam
727 782 836 828 igitur
867 786 1000 818 certum
1026 782 1192 818 iudicium
1218 795 1288 818 non
1314 782 1500 825 invenitur,
1534 795 1611 818 cum

267 843 475 887 scriptorum
494 853 607 876 mores
626 852 728 886 saepe
744 841 886 876 minime
904 845 1100 886 congruant
1116 853 1195 876 cum
1209 842 1269 882 eis,
1286 853 1376 886 quae
1388 842 1613 887 scripserunt,

267 904 394 942 tamen,
420 899 449 935 si
476 899 555 945 quis
580 899 712 946 scripta
743 899 918 935 Iuvenalis
944 902 1082 935 secutus
1108 899 1227 945 eisque
1252 911 1336 935 usus
1360 911 1483 936 norma
1501 911 1612 935 mores

267 960 340 995 eius
366 958 473 994 fuisse
499 959 607 994 bonos
632 957 793 1000 affirmet,
820 970 889 993 uon
915 959 1041 1000 habeo,
1066 958 1160 1004 quod
1185 962 1308 994 contra
1333 958 1457 994 dicam.
1500 959 1612 994 Multa

267 1018 359 1052 enim
386 1020 525 1052 exstant
550 1017 585 1051 in
613 1017 743 1052 saturis
769 1016 844 1052 eius
868 1017 1048 1062 praeclare
1074 1016 1184 1058 dicta,
1219 1028 1308 1061 quae
1341 1017 1507 1052 simulata
1539 1029 1613 1052 esse

267 1087 329 1110 cur
354 1079 526 1120 putemus,
552 1085 622 1109 non
648 1077 709 1109 est.
763 1074 817 1108 An
842 1074 956 1109 credis
982 1074 1183 1115 sententias,
1215 1074 1336 1119 quales
1362 1074 1524 1119 leguntur
1549 1074 1610 1111 111.

271 1136 328 1168 54.
355 1145 418 1177 sq„
444 1134 525 1167 312.
552 1144 614 1177 sq„
641 1132 736 1167 VIII.
763 1133 832 1173 20„
859 1134 915 1167 24.
942 1144 1005 1177 sq.,
1038 1131 1080 1167 X.
1108 1133 1201 1173 302„
1235 1134 1316 1167 356.
1342 1144 1393 1177 sq.
1424 1138 1459 1168 et
1492 1133 1612 1178 quales

270 1203 333 1236 per
352 1195 461 1226 totam
480 1195 636 1225 saturam
654 1190 748 1225 XIV.
768 1202 911 1235 sparsae
928 1194 1021 1231 sunt,
1047 1201 1088 1224 ex
1106 1190 1222 1225 animo
1241 1194 1336 1225 ortas
1353 1202 1426 1225 esse
1444 1192 1612 1235 nequam?

384 1249 431 1283 At
465 1248 579 1283 verbis
614 1248 727 1282 utitur
760 1248 949 1283 obscoenis.
1002 1246 1171 1289 Concedo,
1203 1247 1263 1283 sed
1289 1259 1366 1283 cum
1393 1259 1434 1282 ex
1460 1259 1500 1283 eo
1526 1248 1612 1293 ipso,

265 1318 334 1353 quo
361 1307 527 1348 nascitur,
563 1310 719 1352 tempore
745 1317 880 1341 omnem
907 1317 1027 1341 sucum
1053 1310 1087 1342 et
1112 1306 1261 1341 colorem
1288 1305 1394 1341 ducat
1419 1309 1550 1347 satura,
1575 1306 1612 1341 in

268 1366 364 1401 nullo
390 1365 505 1411 poesis
530 1376 656 1410 genere
682 1364 908 1404 diiudicando
940 1364 1052 1409 magis
1077 1376 1183 1410 quam
1216 1364 1253 1399 in
1279 1368 1399 1400 satura
1432 1365 1522 1400 ratio
1548 1365 1612 1400 ha-

267 1424 383 1459 benda
408 1428 461 1459 est
485 1423 624 1465 saeculi,
656 1435 725 1469 quo
751 1427 855 1468 poeta
880 1423 977 1458 vixit.
1028 1423 1137 1468 Atqui
1170 1422 1319 1458 Neronis
1353 1427 1387 1458 et
1420 1423 1612 1459 Domitiani

267 1485 383 1517 aetate
415 1482 502 1517 vitia
535 1481 572 1516 in
606 1481 792 1527 praecipiti
825 1480 987 1522 stabant3
1024 1480 1204 1517 hominum
1237 1480 1345 1516 animi
1379 1481 1613 1517 diuturnitate

266 1540 480 1584 flagitiorum
507 1540 636 1575 callum
661 1539 732 1574 iam
759 1539 942 1580 duxerant,
968 1539 1178 1584 ingeniaque
1195 1539 1321 1574 obtusa
1346 1543 1448 1574 erant
1472 1539 1613 1575 luxuria

267 1602 302 1633 et
327 1597 484 1633 libidine.
535 1598 660 1643 Itaque
698 1597 874 1632 Iuvenalis
907 1596 952 1632 ad
985 1597 1100 1631 vivum
1135 1600 1268 1632 resecat
1292 1597 1418 1632 omnia.
1470 1597 1613 1633 Accedit

267 1714 317 1742 der
338 1713 511 1749 Gegenwart
532 1736 538 1741 .
561 1735 567 1742 .
590 1735 597 1742 .
620 1736 626 1742 .
648 1715 725 1741 saint
745 1713 836 1741 ihrem
858 1713 990 1741 endlosen
1013 1713 1143 1741 Jammer
1164 1713 1222 1741 und
1244 1713 1381 1741 Schmutz
1409 1713 1479 1741 wird
1500 1714 1561 1742 hier
1583 1714 1611 1742 in
1640 1726 1643 1728 ’

266 1762 343 1790 einer
364 1761 551 1791 berechneten
573 1761 662 1799 Folge
683 1761 843 1799 gruppiert,
865 1761 893 1789 in
916 1760 1059 1797 Ordnung
1079 1760 1138 1789 und
1153 1760 1405 1799 Zusammenhang
1424 1761 1610 1791 anschaulich

266 1810 439 1847 entwickelt‚
462 1819 548 1848 sogal·
569 1810 622 1839 mit
641 1809 852 1848 griindlichem,
873 1809 933 1838 fust
952 1809 1196 1846 antiquarischem
1219 1809 1354 1847 Behagen
1377 1810 1420 1839 bis
1440 1820 1505 1839 zum
1521 1803 1612 1840 Uber-

267 1859 337 1887 fluss
359 1858 408 1886 der
429 1858 621 1895 Schilderung
643 1858 782 1886 berichtet
803 1858 861 1886 und
882 1858 935 1886 auf
954 1858 999 1886 die
1020 1858 1120 1894 Spitze
1139 1855 1305 1894 getriebem'

387 1919 396 1935 ¹
631 1916 717 1957 (Dum
739 1917 771 1945 tu
792 1915 913 1945 forsitan
935 1915 1080 1953 inquietus
1100 1924 1179 1945 erras

639 1965 783 2001 Clamosa,
806 1964 960 2001 Iuvenalis,
982 1965 1009 1992 in
1032 1964 1146 1993 Subura

638 2014 699 2042 Aut
720 2012 818 2042 collem
841 2012 973 2042 dominae
993 2014 1062 2041 teris
1084 2013 1200 2051 Dianae,

640 2062 715 2091 Dum
737 2070 788 2099 per
808 2061 910 2091 limina
930 2063 958 2090 te
980 2062 1171 2099 potentiorum

637 2110 773 2139 Sudatrix
795 2112 863 2147 toga
884 2111 1006 2139 ventilat
1026 2119 1188 2148 vagumque

638 2159 731 2188 Maior
753 2159 868 2188 Caelius
889 2161 917 2189 et
937 2160 1030 2189 minor
1052 2159 1189 2196 fatigant,

638 2208 685 2236 Me
706 2208 813 2236 multos
833 2208 956 2244 repetita
976 2210 1041 2244 post
1062 2208 1230 2237 Decembres

639 2256 758 2294 Accepit
778 2265 841 2286 mea
861 2256 1059 2294 rusticumque
1079 2256 1148 2286 fecit

639 2306 717 2341 Auro
739 2306 854 2335 Bilbilis
874 2308 903 2336 et
924 2306 1046 2343 superba
1066 2302 1160 2336 ferro.>
