1779 2595
781 64 828 99 27

133 178 285 215 fustibus
316 178 427 222 caedi,
460 179 498 215 in
531 179 709 215 metallum
743 179 852 221 mitti,
885 178 1035 225 denique
1067 178 1283 224 strangulari
1316 178 1475 214 iusserat.

134 238 186 273 De
211 237 266 273 his
290 238 399 284 igitur
423 238 610 274 sceleribus
635 238 769 274 Plinius
803 241 837 273 et
862 237 1004 273 Tacitus
1029 241 1188 273 senatum
1220 237 1402 273 certiorem
1427 236 1476 272 fe-

136 299 270 332 cerunt.
322 296 509 331 Nonnullis
535 295 666 332 frustra
691 296 917 331 renuentibus
949 307 1056 331 causa
1087 307 1149 341 per
1183 295 1294 330 tridui
1326 295 1477 340 spatium

137 353 359 399 praesidente
383 353 535 389 Traiano
561 354 718 399 principe
743 354 780 388 in
799 357 922 389 senatu
940 356 1020 388 acta
1038 357 1099 388 est.
1142 353 1189 388 Et
1206 353 1389 394 Honorati,
1415 352 1476 398 qui

135 414 293 446 mortuus
319 414 405 453 erat,
430 423 485 448 res
511 411 750 454 omittebatur,
776 411 820 447 de
845 423 885 446 eo
910 414 1046 447 tantum
1063 410 1246 456 agebatur,
1272 410 1365 456 quod
1384 410 1478 445 Mar-

134 469 255 505 cianus
281 482 303 505 a
321 469 432 506 Mario
451 470 579 516 equitis
596 470 746 506 Romani
771 481 887 505 necem
906 469 1136 516 septingentis
1162 469 1316 505 millibus
1335 472 1474 504 emerat.

133 527 287 563 Tandem
313 528 493 573 permultis
519 520 632 563 verbis
659 528 834 573 utrimque
867 528 968 562 factis
1002 531 1145 565 senatus
1178 527 1313 562 censuit
1346 527 1477 571 septin—

134 589 239 631 genta
264 586 385 628 millia,
412 598 502 632 quae
520 589 700 632 acceperat
717 586 861 628 Marius,
887 585 1023 621 aerario
1041 585 1231 626 inferenda,
1258 585 1370 620 Mario
1389 584 1476 620 urbe

135 644 308 688 Italiaque
341 644 633 685 interdicendum,
672 644 851 679 Marciano
889 644 955 678 hoc
986 644 1136 689 amplius
1172 644 1299 678 Africa.
1357 643 1477 678 Mitior

136 701 309 736 sententia
334 701 476 747 Pompei
499 701 669 746 Collegae,
696 701 915 747 septingenta
940 701 1053 736 millia
1077 701 1213 736 aerario
1238 700 1417 736 inferenda
1443 704 1478 735 et

135 759 353 796 Marcianum
378 760 415 795 in
441 760 717 806 quinquennium
748 759 982 806 relegandum,
1017 759 1167 796 Marium
1200 759 1476 805 repetundarum

134 829 275 863 poenae,
301 830 406 863 quam
424 819 494 854 iam
511 831 634 864 passus
653 822 751 860 esset,
777 818 1043 864 relinquendum
1071 831 1155 860 esse,
1181 830 1250 853 non
1269 818 1476 863 praevaluit.

136 875 297 912 Ceterum
322 876 544 921 relegatione,
570 888 639 911 non
658 877 763 912 exilio
781 877 950 911 multatus
969 880 1021 911 est
1038 876 1199 911 Marius.¹
1243 877 1369 922 Itaque
1386 876 1477 911 duae

135 934 291 969 diversae
317 946 442 970 causae
467 938 584 969 erant:
610 938 645 970 et
669 934 941 980 repetundarum
966 937 1001 969 et
1026 935 1260 979 corruptionis
1287 934 1340 969 vel
1358 935 1476 979 potius

135 992 239 1027 necis.
289 992 364 1027 Hoc
389 996 504 1028 autem
528 1004 592 1037 pro
618 996 711 1027 certo
730 991 951 1027 statuendum
978 996 1039 1033 est,
1065 992 1215 1027 Marium
1242 992 1477 1037 quadruplum

134 1061 263 1090 eorum,
289 1061 378 1094 quae
395 1050 579 1084 aestimata
597 1054 688 1090 sunt,
716 1049 809 1084 Afris
827 1050 1030 1091 restituisse,
1056 1053 1237 1094 praeterea
1255 1049 1477 1094 septingenta

133 1107 246 1142 millia
276 1107 313 1141 in
340 1107 512 1143 aerarium
541 1107 652 1149 illata,
685 1107 798 1153 ipsum
824 1107 1015 1152 relegatum
1042 1119 1116 1143 esse
1142 1119 1253 1152 neque
1278 1119 1350 1142 rem
1376 1106 1477 1142 fami-

134 1164 256 1199 liarem
282 1165 468 1199 amisisse.²

252 1223 327 1258 Iam
352 1222 495 1265 videbis,
528 1222 670 1268 quantis
702 1221 879 1258 erroribus
913 1222 1063 1258 editores
1096 1222 1266 1257 laborent.
1319 1221 1407 1257 Nam
1435 1221 1478 1257 de

134 1281 283 1326 pecunia
307 1281 457 1326 repetita
482 1282 519 1315 in
545 1281 718 1316 aerarium
746 1280 880 1316 delata3
916 1281 1051 1316 Plinius
1084 1281 1225 1316 omnino
1260 1280 1350 1315 nihil
1381 1281 1477 1316 dicit.

135 1339 362 1383 Septingenta
387 1342 504 1373 autem
529 1338 592 1372 illa
617 1338 739 1379 millia,
770 1349 860 1383 quae
885 1338 1018 1373 Marius
1043 1342 1225 1383 acceperat
1250 1350 1272 1372 a
1297 1338 1477 1372 Marciano

135 1396 226 1432 dono
252 1397 346 1438 data,
372 1396 418 1431 ad
444 1396 626 1431 Africanos
652 1400 713 1431 aut
737 1396 783 1431 ad
809 1395 1082 1442 repetundarum
1108 1408 1249 1431 causam
1282 1395 1372 1432 nihil
1398 1408 1477 1442 per-

134 1454 256 1489 tinent.
309 1453 390 1488 Una
414 1465 492 1488 cum
525 1454 752 1488 adnotatione
777 1454 996 1498 Rupertiana
1024 1454 1267 1488 Heinrichius⁴
1293 1454 1478 1498 exscripsit

136 1523 290 1547 errorem
315 1511 579 1555 Rupertianum.
630 1511 749 1557 Neque
774 1511 994 1557 septingenta
1026 1511 1139 1547 millia
1172 1515 1253 1546 sunt
1283 1523 1396 1557 poena
1422 1524 1478 1547 re-

134 1569 397 1615 petundarum-‘⁹
448 1569 525 1611 Qua
550 1570 686 1604 ratione
711 1569 874 1604 Weidner
907 1569 973 1605 hoc
997 1569 1136 1605 credere
1162 1570 1323 1614 potuerit,
1350 1570 1476 1605 nescio.

254 1699 263 1714 ¹
285 1695 360 1726 Plin.
381 1705 425 1733 ep.
448 1695 495 1724 VI.
517 1696 563 1725 29.
579 1696 605 1724 9.
646 1695 794 1736 (Accusavi
809 1695 932 1723 Marium
947 1694 1088 1731 Priscum,
1109 1695 1158 1732 qui
1174 1695 1236 1731 lege
1254 1695 1476 1732 repetundarum

134 1744 288 1773 damnatus
309 1744 444 1773 utebatur
464 1744 614 1773 clementia
635 1743 717 1781 legis,
749 1744 829 1772 cuius
850 1744 1030 1772 severitatem
1053 1744 1235 1772 immanitate
1256 1744 1407 1775 criminum
1429 1753 1476 1772 ex-

134 1794 269 1821 cesserat:
290 1793 483 1829 relegatus
504 1789 577 1820 est.7

253 1843 265 1859 ²
285 1841 346 1869 Hoc
367 1841 441 1869 enim
463 1840 582 1868 interest
602 1840 676 1868 inter
697 1840 903 1876 relegationem
925 1842 954 1868 et
974 1841 1101 1869 exilium.

252 1891 264 1908 ⁸
284 1889 359 1918 Male
381 1889 535 1926 Rupertius
556 1888 592 1917 ad
614 1888 642 1917 h.
668 1888 687 1917 l.
715 1888 817 1930 (inane,
845 1888 921 1925 quod
948 1897 1040 1925 neque
1066 1889 1292 1925 provincialibus
1319 1889 1475 1926 quidquam

134 1937 252 1974 profuit,
274 1938 407 1974 quoniam
431 1938 549 1974 pecunia
570 1937 692 1974 repetita
712 1937 783 1974 ipsis
803 1946 859 1966 non
880 1937 1003 1973 reddita,
1024 1937 1074 1966 sed
1095 1938 1124 1966 in
1139 1938 1280 1966 aerarium
1296 1937 1393 1967 delata
1414 1936 1477 1967 est?

251 1988 264 2004 ⁴·
285 1986 378 2014 Verba
399 1986 460 2014 eius
481 1988 551 2014 sunt
570 1985 654 2015 haec:
677 1985 795 2026 ,Marius
810 1985 926 2013 Priscus
940 1985 1036 2013 wurde
1051 1986 1230 2021 vcrurthesst,
1252 1985 1297 2014 die
1317 1988 1477 2022 expressten

134 2035 316 2072 septingenta
339 2034 431 2063 millia
452 2043 488 2063 an
510 2033 561 2063 das
583 2033 733 2064 Aerarium
755 2043 791 2062 zu
812 2033 913 2062 zahlcn
938 2033 994 2061 und
1015 2034 1119 2062 ltalien
1141 2043 1176 2062 zu
1198 2031 1360 2064 verlassen?

251 2084 264 2100 ⁵
284 2082 345 2111 Hoc
368 2082 498 2110 Weidner
518 2083 604 2118 putat
623 2082 732 2110 dicens:
767 2082 886 2122 ‘Marius
908 2081 1024 2110 Priscus
1045 2082 1126 2110 hatte
1150 2082 1195 2110 die
1217 2082 1339 2111 Provinz
1364 2083 1475 2119 Afrika,

134 2129 186 2158 wie
207 2129 281 2158 eiust
302 2130 404 2158 Verres
431 2130 554 2167 Sicificn,
580 2129 759 2166 ganzlich
786 2126 1037 2167 ausgcsogcn'
1078 2130 1157 2165 Quae
1184 2130 1270 2159 verba
1296 2131 1324 2159 in
1353 2131 1476 2160 editione

133 2178 226 2208 altera
246 2178 358 2208 desunt.
400 2178 474 2208 Tum
495 2179 607 2217 pergit:
649 2179 698 2221 KEr
726 2178 821 2208 wurde
850 2188 902 2207 von
930 2177 1043 2207 Plinius
1071 2178 1106 2208 de
1133 2178 1299 2216 repetundis
1319 2180 1478 2218 angeklagt

132 2227 191 2255 und
213 2236 249 2256 zu
269 2228 345 2256 einer
365 2228 462 2256 Strafe
482 2237 535 2257 von
562 2229 682 2258 700000
708 2228 781 2256 Sest.
809 2229 916 2257 sammt
941 2227 991 2256 der
1017 2228 1212 2265 Verbannung
1237 2238 1290 2260 aus
1319 2229 1390 2261 Rom
1419 2230 1476 2262 und

131 2274 235 2303 ltalien
256 2272 445 2305 verurtheilt.'
1197 2266 1202 2269 .
