1779 2595
894 102 940 135 36

239 220 320 262 post
345 215 562 262 triumphum
587 216 630 251 de
647 216 752 252 Dacis
769 219 904 252 actum¹
929 216 951 251 i.
967 228 994 252 e.
1017 220 1097 262 post
1109 217 1243 262 priores
1260 217 1344 253 anni
1363 219 1419 253 89.
1436 228 1588 253 menses.

241 277 357 319 Atque
381 274 650 310 Friedlaender²
675 279 709 309 et
740 273 1014 310 Hirschfeldius³
1046 274 1133 309 satis
1166 275 1359 310 luculenter
1390 274 1591 310 docuerunt

240 333 400 369 carmina
425 332 509 370 libri
527 333 587 369 VI.
607 336 753 369 exeunte
778 344 871 369 anno
898 333 954 370 89.
979 332 1034 369 vel
1059 332 1201 369 ineunte
1218 334 1273 370 90.
1292 333 1483 380 composita
1499 344 1588 369 esse.

240 392 344 437 Legis
369 392 481 427 Iuliae
514 392 624 437 igitur
655 392 832 427 restitutio
864 392 901 426 in
933 391 1002 427 fine
1030 392 1116 426 anni
1143 394 1198 427 89.
1225 392 1387 437 ponenda
1412 393 1480 428 erit
1503 391 1586 439 (cfr.

241 450 300 486 VI.
330 450 389 497 7.).

357 508 424 544 Sed
442 508 508 544 hoc
527 520 665 554 quoque
682 508 810 544 addere
828 508 930 543 velim
949 508 1157 550 Corneliam,
1175 509 1367 544 Vestalium
1384 508 1588 550 maximam,

242 566 364 601 statim
389 566 461 601 fere
485 570 565 612 post
589 566 701 601 Iuliae
725 569 889 601 mortem4
914 578 1007 601 anno
1034 568 1110 601 89³⁵
1135 565 1306 601 defossam
1332 577 1414 601 esse.

356 625 481 671 Itaque
507 624 593 660 haec
618 624 845 671 comprobata
870 628 970 660 sunt:
995 625 1091 661 intra
1107 636 1298 671 paucorum
1315 624 1484 660 mensium
1503 636 1587 671 spa-

239 684 328 718 tium
354 683 578 719 Domitianus
603 683 696 727 leges
722 687 845 718 contra
869 683 1032 718 libidines
1058 684 1140 718 olim
1166 684 1257 718 latas
1281 684 1471 725 renovavit,
1497 684 1584 719 Gor·

240 742 369 777 neliam
394 740 528 778 defodit
552 741 677 784 vivam,
703 741 823 777 fratris
847 740 958 776 filiam
984 741 1116 777 incesto
1142 741 1277 777 occidit.
1319 742 1393 777 Iam
1415 741 1585 777 concedes

239 801 439 836 Iuvenalem
464 801 508 836 Π.
527 802 583 835 29.
610 811 661 845 sq.
683 800 825 835 omnino
842 800 932 835 nihil
947 799 1027 835 falsi
1044 799 1173 836 referre
1193 811 1305 845 neque
1320 812 1392 835 rem
1413 801 1448 835 in
1466 800 1586 836 maius

238 869 367 904 augere
384 861 445 894 aut
463 857 680 904 detorquere,
698 857 758 893 sed
776 858 895 893 omnia
912 860 1075 893 accurate
1092 858 1308 903 temporibus
1322 858 1394 893 suis
1408 862 1584 894 constare.

747 984 818 1019 Sat.
846 983 888 1018 X.
917 985 998 1019 329.
1025 995 1075 1029 sq.

1017 1072 1120 1113 ιΕΙίςε,
1141 1072 1277 1109 quidnam

532 1119 716 1148 Suadendum
738 1128 798 1148 esse
818 1121 911 1156 putes,
931 1120 977 1148 cui
998 1119 1102 1148 nubere
1123 1119 1255 1148 Caesaris
1276 1129 1346 1149 uxor

530 1168 673 1198 Destinat.
715 1167 849 1205 Optimus
870 1168 917 1197 hic
937 1169 967 1197 et
988 1168 1211 1197 formosissimus
1231 1168 1305 1198 idem

531 1217 632 1246 Gentis
653 1217 793 1253 patriciae
813 1217 925 1253 rapitur
945 1218 1032 1245 miser
1052 1216 1278 1253 exstinguendus

530 1264 701 1292 Messalinae
722 1264 827 1300 oculis3
848 1263 956 1292 dudum
978 1263 1059 1292 sedet
1080 1264 1133 1292 illa
1152 1266 1253 1300 parato

528 1312 706 1343 Flammeolo
727 1336 733 1343 .
757 1337 763 1344 .
786 1308 803 1343 .'

355 1401 555 1442 Messalina,
581 1401 624 1436 de
649 1413 720 1446 qua
744 1402 815 1436 iam
840 1403 965 1446 supra⁶
990 1401 1151 1443 diximus,
1177 1402 1306 1436 femina
1330 1402 1392 1436 illa
1418 1402 1584 1437 omnibus

233 1459 444 1496 libidinibus
469 1459 631 1506 profusa,
667 1471 785 1496 amore
809 1460 934 1495 insano
961 1463 1064 1506 capta
1089 1463 1141 1496 est
1166 1458 1202 1497 C.
1228 1459 1324 1503 Silii,
1349 1460 1483 1496 iuvenis
1507 1459 1584 1496 for-

234 1519 432 1554 mosissimi.
485 1518 567 1559 Cui,
602 1530 812 1563 quamquam
840 1518 1005 1553 Claudius
1038 1520 1185 1554 maritus
1215 1519 1368 1560 vivebat,
1400 1520 1518 1564 palam
1544 1523 1584 1554 et.

234 1576 370 1612 cunctis
388 1575 608 1611 caerimoniis
627 1576 755 1621 nupsit.
803 1576 880 1611 Etsi
899 1576 941 1611 de
958 1576 1013 1611 his
1031 1576 1173 1622 nuptiis,
1199 1588 1275 1612 cum
1294 1587 1349 1612 res
1366 1576 1411 1612 ab
1429 1577 1582 1612 auctori-

352 1695 360 1710 ¹
383 1692 442 1722 Cfr.
465 1692 556 1729 epigr.
577 1692 628 1721 VI.
650 1693 677 1721 4.
701 1692 725 1721 1.
747 1700 789 1728 sq.

429 1741 545 1783 (Censor
565 1741 688 1770 maxime
709 1740 926 1778 principumque
946 1740 1085 1778 princeps,

430 1791 505 1820 Cum
526 1792 571 1819 tot
590 1790 648 1819 iam
669 1790 723 1819 tibi
744 1789 845 1819 debeat
865 1790 1077 1828 triumphos
1098 1791 1147 1828 (sc.
1169 1791 1285 1829 Roma),
1306 1787 1369 1822 etc.³

428 1839 471 1869 Ib.
495 1840 539 1869 10.
561 1840 587 1869 6.
610 1848 652 1876 sq.

429 1887 517 1929 ¹Talis
538 1887 717 1925 supplicibus
737 1888 841 1917 tribuit
861 1887 1025 1917 diademata
1045 1888 1132 1917 Dacis

427 1937 467 1966 Et
486 1936 725 1974 Capitolinas
745 1937 850 1974 itque
871 1937 1042 1974 reditque
1062 1933 1165 1966 viasf

426 1985 469 2014 Ib.
492 1987 538 2015 76.
561 1986 588 2014 5.

427 2032 551 2075 ι(ῗηηιηᾱθ
571 2034 673 2070 iugum
695 2033 804 2062 domita
825 2034 921 2063 Dacus
941 2033 1048 2063 cervice
1068 2030 1183 2071 recepit’
1205 2056 1211 2062 .
1234 2056 1241 2063 .
1264 2056 1270 2063 .

347 2084 358 2101 2
378 2082 411 2111 In
432 2082 610 2119 praefatione
630 2082 667 2111 ad
687 2082 833 2111 Martialis
854 2082 944 2119 epigr.
965 2091 1031 2120 pag.
1054 2083 1100 2112 57.

350 2133 361 2150 ³
382 2131 462 2160 G'ott.
482 2131 539 2169 gel.
561 2133 632 2161 Anz.
657 2132 741 2168 1869,
762 2140 829 2169 pag.
853 2131 936 2161 1507.

347 2182 359 2198 ⁴
380 2180 440 2210 Cfr.
462 2180 538 2210 Plin.
560 2188 602 2217 ep.
625 2180 675 2210 VI.
699 2182 743 2210 11.
766 2182 792 2211 6.

347 2232 359 2248 ⁵
380 2229 440 2259 Cfr.
462 2229 598 2259 Schoenei
627 2229 740 2271 KEuseb.
769 2226 876 2259 chron?
904 2238 969 2267 pag.
1001 2231 1065 2259 160.
1087 2230 1116 2258 et
1136 2228 1170 2257 de
1190 2228 1276 2258 Mam
1299 2229 1348 2258 VI.
1370 2230 1397 2258 4.
1420 2227 1580 2258 Strobbeus

225 2278 268 2316 (in
291 2278 438 2315 Philologi
459 2278 538 2307 Tom.
561 2278 607 2308 26.
629 2287 696 2316 pag.
718 2278 785 2316 61.).

344 2329 356 2346 ⁶
379 2327 438 2358 Cfr.
460 2337 527 2365 pag.
549 2328 576 2358 8.
598 2336 639 2365 sq.
