1779 2595
879 82 924 116 14

344 195 437 241 Ergo
471 207 540 231 non
575 199 646 231 tam
681 196 787 232 verba
822 200 858 232 et
890 208 1063 239 numeros,
1097 208 1202 243 quam
1236 196 1425 248 sententias
1457 200 1491 232 et
1516 207 1570 233 res

227 254 397 296 Iuvenali‚
424 266 501 289 cum
528 258 668 290 saturas
694 255 871 297 scriberet,
897 255 1005 291 fuisse
1031 256 1127 291 cordi
1154 256 1313 301 equidem
1339 250 1470 291 censeo.

341 350 563 393 Rumoribus,
590 350 625 386 id
653 350 746 397 quod
774 350 969 394 miraberis,
996 363 1109 397 neque
1134 351 1225 387 enim
1252 356 1449 388 saturarum
1467 355 1571 398 poeta

221 409 287 443 hac
312 409 349 443 iu
376 422 414 444 re
440 410 638 455 comparari
664 414 779 455 potest
804 423 880 445 cum
906 410 1131 446 historiarum
1155 411 1336 458 scriptore,
1362 412 1474 446 utitur
1491 423 1571 457 per-

223 479 314 502 raro.
370 467 418 503 De
444 479 516 514 qua
542 480 579 503 re
605 480 698 503 nunc
723 480 879 514 agamus.
1165 460 1167 462 ¹

727 576 798 610 Sat.
829 577 887 611 VI.
919 578 996 612 156.
1023 589 1072 621 sq.

520 675 536 694 L.
558 676 565 683 .
588 675 595 682 .
617 675 623 682 .
645 652 748 682 deinde
768 653 887 683 adamas
908 654 1075 683 notissimus
1096 656 1125 683 et
1145 654 1291 683 Berenices

519 703 552 729 ln
575 701 667 739 digito
689 702 782 731 faetus
804 703 966 739 pretiosior:
989 703 1065 731 hunc
1086 703 1165 731 dedit
1184 703 1252 731 olim

521 749 667 778 Barbarus
688 750 821 787 incestae,
843 750 922 779 dedit
943 751 1018 779 hunc
1039 751 1169 787 Agrippa
1189 747 1297 779 sorori.'

344 827 499 863 Mordaci
526 828 602 863 ioco
629 828 805 872 significat
829 834 933 874 poeta
960 829 1002 864 de
1027 829 1131 865 rebus
1157 829 1320 874 pretiosis
1338 833 1372 864 et
1388 829 1568 864 hominum

225 886 399 921 clarorum
426 898 492 921 usu
518 887 611 921 notis
637 898 744 931 agens
769 887 951 929 annulum,
978 899 1080 933 quem
1098 887 1257 933 Agrippa
1279 887 1402 929 minor,
1427 887 1569 922 ultimus

224 944 434 980 Iudaeorum
461 957 538 987 rex,
564 945 655 981 dono
682 945 817 981 dederit
843 946 1030 981 Berenicae
1062 946 1174 981 sorori
1208 950 1385 992 tamquam
1412 958 1568 991 sponsae.

226 1003 271 1038 Et
304 1003 397 1038 inter
428 1007 542 1038 castas
575 1004 744 1039 Berenica
778 1004 941 1039 habenda
975 1016 1044 1039 non
1080 1004 1216 1039 videtur
1249 1016 1332 1039 esse.
1384 1004 1473 1039 Nam
1499 1004 1570 1039 Titi

223 1061 393 1106 principis
419 1064 495 1097 erat
521 1062 745 1097 concubina.1
796 1062 862 1097 Sed
889 1066 1006 1097 utrum
1032 1074 1152 1097 revera
1177 1074 1253 1097 cum
1279 1062 1354 1108 ipso
1380 1061 1489 1097 fratre
1515 1062 1569 1097 in-

224 1123 317 1154 cesto
350 1132 415 1154 usu
449 1120 633 1155 coniuncta
668 1120 772 1155 suerit
808 1132 924 1162 necne,
960 1120 1053 1155 haud
1088 1121 1174 1155 satis
1206 1121 1327 1166 liquet.
1384 1120 1569 1155 Rumorem

224 1177 329 1212 huius
355 1176 483 1222 flagitii
510 1178 753 1223 pervulgatum
779 1177 885 1213 fuisse
912 1191 953 1214 ex
972 1178 1086 1214 verbis
1104 1179 1218 1213 Flavii
1241 1179 1378 1224 Iosepbi
1396 1179 1571 1224 apparet.2

225 1236 399 1271 Iuvenalis
433 1236 541 1281 igitur
566 1237 632 1271 hoc
658 1237 733 1271 loco
759 1249 931 1272 rumorem
958 1237 1067 1272 tradit
1093 1237 1154 1279 ita,
1190 1240 1230 1272 ut
1255 1249 1327 1272 rem
1354 1238 1570 1283 exploratam

223 1294 326 1339 quasi
353 1298 481 1329 narret.

728 1362 798 1398 Sat.
829 1362 885 1397 VI.
914 1364 994 1397 614.
1022 1374 1072 1408 sq.

711 1439 826 1481 (Tamen
848 1439 902 1469 hoc
922 1440 1079 1477 tolerabile,
1100 1440 1125 1469 si
1146 1450 1201 1470 non

516 1488 555 1517 Et
574 1488 667 1517 furere
688 1489 808 1525 incipias
829 1491 863 1517 ut
882 1489 1041 1518 avunculus
1062 1489 1111 1518 ille
1132 1489 1262 1526 Neronis,

516 1537 569 1565 Cui
592 1538 682 1565 totam
704 1537 820 1565 tremuli
842 1536 964 1565 frontem
987 1537 1127 1566 Caesonia
1148 1537 1220 1574 pulli

512 1584 638 1614 Infudit:
660 1594 733 1622 quae
748 1594 801 1614 non
818 1585 914 1622 faciet,
934 1585 1010 1622 quod
1025 1585 1162 1623 principis
1177 1595 1246 1614 uxor
1253 1582 1276 1615 ’θ’

346 1653 559 1706 rAvunculus
589 1653 649 1688 ille
675 1647 834 1688 Neronis'
868 1656 921 1688 est
955 1652 1128 1698 Caligula,
1162 1654 1260 1689 cuius
1294 1654 1453 1689 insaniae
1483 1655 1569 1690 satis

219 1713 323 1746 notae
349 1714 448 1752 sunt;
475 1710 534 1745 sed
560 1722 667 1745 causa
692 1722 762 1745 non
788 1714 864 1745 erat
889 1710 1059 1756 philtrum
1087 1710 1277 1747 Caesoniae
1296 1712 1425 1753 uxoris,
1452 1724 1568 1747 verum

219 1769 375 1810 morbus,
401 1769 436 1803 in
467 1781 569 1814 quem
596 1773 718 1804 octavo
744 1768 883 1814 imperii
909 1780 1026 1804 mense
1051 1769 1187 1805 incidit.
1238 1769 1363 1815 Itaque
1393 1770 1568 1805 Iuvenalis

221 1839 294 1862 rem
321 1830 461 1872 praeter
488 1827 668 1862 veritatem
696 1826 810 1862 refert.
863 1827 929 1863 Sed
950 1839 992 1862 ne
1011 1827 1076 1863 hoc
1094 1828 1234 1873 quidem
1253 1828 1328 1863 loco
1347 1832 1449 1873 poeta
1467 1828 1569 1873 quid—

220 1898 323 1931 quam
350 1886 393 1921 de
419 1897 481 1921 suo
510 1885 622 1921 finxit.
674 1885 762 1921 Nam
789 1886 982 1932 principem
1007 1887 1169 1922 insanum
1195 1887 1301 1922 fuisse
1319 1899 1360 1923 ex
1380 1886 1570 1923 Caesoniae

219 1945 476 1980 medicamento
503 1944 597 1979 fama
622 1946 727 1979 erat.³

341 2063 349 2079 ¹
372 2060 432 2090 Cfr.
454 2061 520 2090 Tac.
542 2061 611 2090 hist.
632 2061 671 2090 II.
693 2062 729 2098 2„
754 2062 787 2090 D.
809 2060 890 2090 Cass.
912 2062 958 2091 66.
982 2062 1026 2098 15,
1050 2062 1094 2092 18.

338 2112 349 2128 '²
371 2110 431 2139 (lfr.
461 2110 543 2139 Flav.
564 2110 620 2139 Ios.
644 2111 711 2139 Ant.
733 2110 797 2139 Iud.
819 2111 866 2140 20.
889 2112 915 2139 7.
937 2113 965 2140 3.
1014 2113 1167 2151 ίΒερενίκη
1195 2109 1228 2138 δὲ
1255 2107 1331 2147 μετὰ
1357 2107 1414 2146 τὴν
1440 2106 1570 2148 ‘Hychd'ov

217 2157 366 2194 τελευτήν,
388 2154 418 2187 ὃς
439 2154 528 2194 αὐτῆς
550 2154 625 2196 ἀνὴρ
645 2161 694 2186 καὶ
718 2158 800 2188 θεῖος
815 2157 950 2198 ἐγεγόνει,
973 2156 1188 2198 πολὶτνχρόνον
1203 2157 1421 2197 ἐπιχηρεύσασα
1444 2157 1569 2196 φήμης

218 2206 453 2245 ἐπισχούσης
473 2203 534 2236 ὅτι
555 2207 606 2244 τῷ
627 2204 776 2245 ridel-qm]
797 2206 928 2248 σννῄει
952 2231 956 2237 .
980 2232 985 2237 .
1009 2204 1025 2237 .'

336 2259 347 2274 ³
368 2257 425 2285 cfr.
448 2257 526 2285 Suet.
548 2258 599 2285 vit.
621 2257 682 2285 Cal.
706 2258 752 2285 50.
794 2257 939 2297 ‘Creditur
973 2258 1141 2293 potionatus
1169 2266 1186 2285 a
1214 2257 1353 2286 Caesonia
1382 2266 1468 2285 uxore
1488 2266 1567 2286 ama-

217 2304 291 2332 torio
312 2304 426 2341 quidem
450 2304 664 2340 medicamento,
687 2304 735 2332 sed
757 2304 832 2341 quod
856 2305 883 2333 in
906 2304 1029 2333 furorem
1054 2301 1192 2333 verterit?
