1779 2595
827 63 872 97 37

172 181 244 217 bus
268 179 401 217 tradita
427 179 483 221 sit,
518 178 674 214 dubitari
700 190 769 214 non
795 179 885 221 licet,
911 182 1037 220 tamen,
1062 182 1232 224 quatenus
1259 179 1430 215 Iuvenalis
1456 192 1513 215 ve-

171 239 320 275 ritatem
344 241 521 283 sequatur,
546 236 733 281 explanare
759 248 884 281 operae
909 237 1059 282 pretium
1085 237 1220 272 videtur
1244 249 1326 272 esse.

294 296 411 342 Atque
435 294 593 330 Tacitum
626 295 656 330 si
689 294 880 340 sequimur,
914 306 969 330 res
1001 295 1052 330 ita
1086 305 1122 330 se
1153 294 1268 331 habet.
1320 295 1420 331 Anno
1455 297 1511 330 47.

173 355 367 391 Messalina
391 354 521 389 exarsit
546 353 583 388 in
609 353 645 389 C.
673 353 806 396 Silium,
832 366 935 399 quem
959 366 1037 389 cum
1063 354 1155 389 Iulia
1180 354 1298 390 Silana
1326 366 1433 390 uxore
1458 355 1513 389 di-

175 413 327 448 vortium
365 411 478 447 facere
515 411 640 446 iussit.¹
705 411 780 453 Quo
817 411 909 446 facto
947 414 1133 457 postquam
1170 411 1294 453 Silius,
1331 423 1374 446 ne
1405 412 1511 447 vitam

170 471 355 508 amitteret
380 491 425 496 ——
451 470 546 506 haud
571 470 675 515 pauci
709 471 800 505 enim
824 481 977 506 amorem
1006 473 1189 506 renuentes
1214 470 1386 506 interfecti
1412 476 1512 507 erant

173 550 225 555 —
249 529 460 564 adulterium
494 529 532 562 in
565 540 601 562 se
634 528 804 569 admisit‚²
834 529 930 563 nullo
965 528 1126 563 obstante
1159 529 1292 573 pudore
1324 529 1512 563 Messalina

173 599 250 623 rem
274 598 382 633 quam
407 585 557 621 maxime
589 586 706 632 palam
730 586 1002 632 frequentabat⁸.
1053 585 1181 621 Tamen
1215 584 1383 622 Claudius
1415 586 1513 632 prin-

171 657 269 691 ceps,
306 650 346 680 ut
382 649 458 680 erat
494 645 610 680 animo
648 645 778 686 hebeti,
814 644 903 680 nihil
936 645 1059 680 horum
1090 645 1207 680 sensit.
1258 645 1364 681 Silius
1394 648 1511 680 autem

172 703 308 740 veritus
334 702 501 744 videlicet,
527 713 570 737 ne
594 701 769 748 patefacta
792 714 831 738 re
856 702 1110 749 opprimeretur
1134 714 1156 738 a
1182 702 1339 745 Claudio,
1372 703 1442 738 iam
1468 703 1512 738 de

172 761 325 797 Claudio
361 760 586 807 opprimendo
620 761 806 806 cogitabat.
856 762 979 807 ltaque
1011 761 1153 807 nuptias
1186 762 1304 807 palam
1337 761 1512 798 celebrare

174 824 213 855 et
237 820 482 865 imperatorem
506 819 709 864 praevenire
735 819 943 854 Messalinae
967 820 1178 865 proposuit&
1220 819 1316 861 Quae
1334 820 1511 865 paulisper

172 881 342 914 cunctata
367 889 509 914 assensa
533 881 594 913 est.
643 877 805 923 Principe
829 877 939 923 igitur
954 878 1075 913 Ostiae
1097 877 1240 913 absente
1257 878 1399 923 nuptiae
1424 878 1513 914 cele-

176 936 385 971 brabantur.
436 935 536 977 Quod
561 936 652 970 enim
678 935 867 971 scholiasta
898 939 1026 971 temere
1051 947 1092 970 ex
1118 936 1282 971 Suetonio
1318 936 1510 981 exscripsit,

172 994 238 1040 qui
272 1005 314 1029 ne
345 994 420 1040 ipse
453 994 591 1040 quidem
624 993 761 1036 credit‚⁵
796 993 977 1030 Claudium
1009 993 1123 1039 ipsum
1156 992 1354 1029 interfuisse
1378 997 1511 1035 testem,

171 1056 298 1098 aperte
323 1053 446 1087 falsum
473 1056 533 1087 est.
583 1052 673 1087 Nam
699 1056 773 1087 tum
798 1064 867 1087 non
892 1053 1034 1087 ultimus
1065 1053 1218 1088 omnium
1245 1052 1412 1087 Claudius
1438 1065 1510 1088 rem

171 1110 396 1145 audivisset.6
439 1109 506 1152 Qui
531 1109 671 1145 tandem
696 1110 821 1145 certior
843 1109 955 1145 factus
972 1109 1135 1145 Narcisso
1160 1114 1301 1145 auctore
1327 1110 1451 1146 Silium
1477 1114 1512 1145 et

173 1168 400 1204 Messalinam
426 1168 595 1214 supplicio
620 1167 745 1203 affecit.

296 1226 485 1260 Videamus
509 1237 610 1266 nunc,
635 1236 746 1270 usque
771 1237 838 1269 quo
865 1226 1020 1260 narratio
1045 1226 1219 1260 Iuvenalis
1237 1230 1407 1269 congruat
1431 1238 1509 1260 cum

173 1283 333 1320 veritate.
384 1283 499 1330 Atque
536 1283 687 1330 primum
723 1295 796 1320 rem
829 1284 881 1319 ita
906 1286 1045 1327 narrat,
1081 1283 1182 1330 quasi
1208 1283 1327 1320 statim
1352 1295 1374 1320 a
1399 1283 1512 1330 primo

171 1343 306 1378 amoris
331 1355 416 1387 erga
441 1343 564 1378 Silium
590 1354 692 1378 sensu
718 1343 906 1378 Messalina
938 1343 968 1377 ei
994 1342 1125 1379 nubere
1148 1344 1406 1385 constituisset,
1441 1355 1511 1378 non

172 1404 253 1435 tum
270 1400 418 1441 demum,
442 1403 626 1446 postquam
643 1411 705 1445 per
721 1400 865 1445 aliquod
881 1404 1016 1445 tempus
1033 1400 1244 1436 adulterium
1267 1401 1508 1442 commisisset3

173 1463 253 1495 tum
278 1458 500 1495 Messalinam
530 1459 670 1505 nuptias
701 1457 876 1505 flagitasse
901 1458 995 1502 dicit,
1028 1471 1249 1505 quamquam,
1283 1463 1322 1495 ut
1352 1459 1511 1501 vidimus,

296 1606 306 1621 ¹
327 1603 387 1633 Cfr.
409 1602 473 1632 Tac.
500 1612 565 1633 ann.
586 1603 637 1633 XI.
661 1604 705 1633 12.
746 1603 830 1645 ‘Nam
858 1604 887 1632 in
915 1604 1017 1633 caium
1038 1604 1150 1641 Silium,
1180 1605 1339 1634 iuventutis
1365 1605 1510 1635 Romanae

175 1651 411 1689 pulcherrimum,
432 1652 474 1681 ita
494 1654 646 1689 exarserat,
667 1654 700 1681 ut
719 1652 832 1681 Iuniam
853 1652 990 1690 Silanam,
1011 1653 1134 1682 nobilem
1159 1653 1306 1691 seminam,
1327 1655 1510 1683 matrimonio

171 1700 239 1729 eius
258 1699 424 1729 exturbaret
442 1709 586 1738 vacuoque
606 1700 736 1730 adultero
757 1697 919 1738 poteretur.'

295 1751 307 1769 ²
327 1749 386 1779 Cfr.
407 1749 445 1780 ib.
486 1749 594 1791 ‘Neque
615 1749 703 1779 Silius
722 1749 828 1788 flagitii
855 1751 907 1780 aut
925 1749 1043 1788 periculi
1064 1750 1175 1780 nescius
1201 1752 1263 1780 erat
1270 1762 1277 1785 ;
1304 1750 1353 1780 sed
1378 1752 1464 1788 certo,
1486 1752 1510 1780 si

172 1798 324 1834 abnueret,
344 1798 431 1827 exitio
452 1800 481 1827 et
500 1798 639 1827 nonnulla
658 1798 777 1827 fallendi
798 1808 856 1835 spe,
877 1799 964 1828 simul
985 1800 1097 1837 magnis
1118 1800 1261 1837 praemiis,
1282 1801 1391 1837 operire
1410 1800 1510 1830 futura

170 1848 206 1875 et
225 1847 423 1884 praesentibus
444 1846 501 1876 frui
521 1856 572 1884 pro
592 1847 696 1876 solacio
716 1844 859 1876 habebat?

294 1897 307 1914 ⁸
327 1895 387 1925 Csr.
408 1895 447 1925 ib.
487 1895 552 1937 ‘Illa
572 1905 627 1925 non
648 1895 759 1932 furtim,
780 1896 829 1925 sed
849 1896 942 1925 multo
962 1896 1102 1926 comitatu
1115 1897 1255 1925 ventitare
1269 1896 1393 1934 domum,
1413 1906 1510 1935 egres-

172 1944 257 1972 sibus
282 1943 492 1981 adhaerescere,
520 1944 622 1981 largiri
649 1953 716 1981 opes
742 1944 870 1973 honores.
911 1944 1069 1982 Postremo,
1095 1945 1174 1974 velut
1199 1945 1343 1974 translata
1369 1946 1426 1974 iam
1453 1946 1510 1975 for-

172 1993 257 2029 tuna,
277 1992 352 2021 servi
372 1992 468 2021 liberti
489 1994 608 2029 paratus
628 1993 765 2030 principis
785 1992 862 2029 apud
881 1992 1045 2022 adulterum
1066 1989 1249 2022 visebantur.'

293 2043 307 2059 ⁴
326 2040 385 2071 Cfr.
407 2040 472 2070 Tac.
493 2050 559 2070 ann.
579 2041 630 2071 XI.
652 2041 698 2071 26.

293 2091 307 2108 ⁵
326 2089 387 2119 Csr.
408 2089 487 2121 Suet.
508 2090 559 2119 vit.
581 2089 682 2119 Claud.
703 2091 749 2120 29.
791 2090 876 2131 ⁴Nam
903 2089 977 2119 illud
1003 2099 1113 2119 omnem
1141 2089 1224 2119 fidem
1255 2090 1413 2127 excesserit,
1434 2091 1511 2128 quod

170 2138 296 2175 nuptiis,
316 2147 388 2175 quas
408 2138 563 2168 Messalina
582 2147 646 2167 cum
674 2138 804 2168 adultero
824 2138 895 2168 Silio
922 2138 1035 2176 fecerat,
1061 2138 1184 2168 tabellas
1210 2137 1286 2167 dotis
1313 2140 1342 2168 et
1367 2139 1427 2176 ipse
1446 2148 1513 2168 con-

172 2187 352 2225 signaverit,
378 2186 529 2224 inductus,
559 2188 641 2225 quasi
666 2186 701 2217 de
730 2187 873 2217 industria
903 2187 1107 2217 simularentur
1142 2186 1180 2216 ad
1209 2187 1395 2217 avertendum
1417 2190 1513 2217 trans-

174 2235 380 2273 ferendumque
400 2236 566 2273 periculum,
587 2236 662 2273 quod
682 2236 829 2265 imminere
850 2236 904 2265 sibi
925 2245 974 2273 per
989 2235 1128 2273 quaedam
1149 2237 1262 2265 ostenta
1277 2233 1513 2273 portenderetur?

293 2286 306 2303 ⁶
327 2284 385 2315 Cfr.
408 2284 473 2315 Tac.
493 2294 559 2315 ann.
580 2285 631 2315 XI.
652 2286 708 2323 30,
729 2285 764 2315 D.
785 2285 865 2316 Cass.
887 2286 933 2316 60.
955 2285 1002 2315 31.
