1779 2595
772 76 816 110 15

243 193 338 229 Haec
354 193 423 229 duo
441 192 598 239 exempla
615 191 740 229 inveni.
779 190 876 234 Quae
894 189 1072 226 hominum
1096 189 1334 235 imperitorum
1353 199 1462 233 nugas

128 263 196 288 non
223 264 297 288 esse
321 253 386 288 etsi
413 264 452 287 eo
469 250 629 287 concludi
647 254 770 296 potest,
797 249 889 295 quod
907 249 1130 284 inveniuntur
1147 247 1240 293 apud
1259 247 1462 282 Suetonium

128 313 163 344 et
187 310 344 345 Flavium
375 309 569 358 Iosephum,
603 309 726 353 utique
758 311 840 342 sunt
871 317 1025 342 rumores
1058 317 1170 351 neque
1201 306 1293 340 facta
1325 308 1387 339 aut
1418 305 1463 339 ab

127 369 204 415 ipso
233 367 396 404 Iuvenale
423 371 598 414 comperta
624 370 686 402 aut
710 377 774 413 pro
800 369 893 403 certo
919 364 1112 411 explorata,
1144 367 1182 399 at
1206 363 1235 399 si
1261 374 1333 398 rem
1359 363 1464 409 paulo

127 427 322 462 accuratius
348 427 617 468 consideramus,
643 429 792 471 utroque
809 425 883 460 loco
903 435 1014 469 neque
1031 423 1307 467 indignationem
1325 422 1464 456 solitam

127 496 239 531 neque
263 485 402 521 omnino
429 484 635 531 gravitatem
661 483 861 530 praevalere
886 481 1091 518 videbimus.
1136 480 1255 527 Neque
1280 480 1371 515 enim
1398 479 1464 515 Be-

126 545 264 580 renicae
281 545 481 579 incastitate
498 547 600 589 poeta
618 547 809 578 ceterarum
828 553 966 587 quoque
984 540 1192 576 feminarum
1210 539 1464 584 impudicitiam

127 602 352 647 comprobare
377 602 461 643 vult,
489 601 549 635 sed
574 601 720 635 strictim
747 604 782 635 et
806 600 919 634 iocose
937 599 1038 644 quasi
1056 598 1216 643 tangitur
1234 597 1402 632 Berenica
1427 597 1464 630 in

127 659 354 696 describenda
379 671 416 695 re
441 672 463 696 a
488 659 649 695 castitate
673 658 795 705 procul
819 661 962 694 remota.
1009 656 1166 693 Alterum
1191 655 1385 702 exemplum
1411 667 1465 691 re-

127 719 243 753 dolere
276 719 405 759 iocum,
439 718 468 752 si
500 718 640 762 quidem
671 716 879 752 conferimus
913 728 943 751 V.
971 717 1051 751 612.
1079 718 1113 750 et
1139 717 1218 750 616.
1248 714 1369 759 negari
1394 725 1463 748 non

127 780 248 822 potest.
305 776 380 812 Hoc
413 780 527 811 autem
562 778 713 816 constat,
745 774 942 810 Iuvenalem
974 774 1101 810 referre
1137 784 1292 808 rumores
1325 772 1390 813 sic,
1425 774 1465 806 ut

127 835 249 870 traditi
274 838 365 875 sunt,
390 846 453 869 nec
478 834 520 869 de
545 846 607 869 suo
633 833 770 868 addere.

244 950 481 992 Facinora‚
516 961 629 995 quae
668 948 903 985 Iuvenalis
937 948 1073 984 semel
1106 951 1148 984 et
1180 959 1201 982 a
1226 947 1362 983 certis
1388 947 1466 982 ho-

127 1009 318 1043 minibus
344 1008 581 1043 commissa
607 1008 766 1048 refert,
800 1018 883 1041 non
917 1017 1014 1041 esse
1039 1005 1154 1041 ficta
1187 1006 1351 1051 quoniam
1378 1006 1467 1040 veri-

127 1067 239 1102 simile
265 1066 401 1102 videtur
427 1077 509 1109 esse,
535 1066 604 1101 iam
630 1065 852 1110 accingamur
869 1064 914 1099 ad
932 1064 1078 1100 alteram
1096 1064 1343 1109 quaestionem,
1370 1075 1466 1098 num

127 1125 330 1159 omnibus
355 1124 564 1170 partibus
590 1124 705 1158 iuste
731 1128 771 1158 et
796 1123 972 1158 sincere
998 1126 1172 1157 narret.

242 1192 308 1227 Sed
333 1193 536 1238 priusquam
555 1191 600 1226 ad
618 1192 728 1237 ipsam
748 1202 818 1226 rem
838 1190 1093 1236 aggrediamur,
1119 1190 1162 1231 de
1185 1190 1363 1224 nonnullis
1381 1190 1465 1224 locis

127 1263 238 1296 pauca
271 1251 384 1286 dicere
416 1250 528 1292 velim,
561 1250 621 1286 ubi
655 1254 777 1295 poetae
811 1248 897 1285 fides
930 1250 1005 1284 sine
1030 1261 1136 1284 causa
1166 1249 1203 1283 in
1236 1249 1381 1283 dubium
1408 1260 1466 1283 vo-

126 1312 206 1343 cata
232 1312 293 1343 est.

649 1395 719 1430 Sat.
745 1395 804 1430 IV.
832 1396 863 1430 9.
890 1406 940 1440 sq.

398 1473 546 1512 incestus,
568 1482 631 1501 cum
653 1482 708 1509 quo
729 1481 819 1509 nuper
840 1473 947 1501 vittata
966 1472 1086 1509 iacebat,

397 1522 542 1557 Sanguine
562 1521 656 1549 adhuc
677 1522 741 1549 vivo
761 1523 867 1549 terram
889 1520 1022 1549 subitura
1043 1517 1191 1549 sacerdos.'

244 1589 373 1624 Contra
399 1589 526 1624 codicis
552 1588 734 1624 Pithoeani
761 1592 795 1623 et
820 1592 1012 1624 ceterorum
1035 1600 1183 1633 magnae
1208 1589 1319 1634 partis
1345 1593 1463 1624 aucto-

127 1648 276 1689 ritatem,
302 1647 362 1692 qui
381 1647 549 1692 praebent
575 1659 602 1681 v.
625 1649 656 1681 9.
685 1640 842 1699 vitiata'‚
868 1658 985 1681 omnes
1002 1647 1073 1682 fere
1091 1647 1156 1681 viri
1180 1647 1273 1681 docti
1292 1659 1354 1682 suo
1371 1648 1465 1682 iurel

127 1706 158 1739 l‹
150 1705 309 1749 gendum
348 1716 421 1739 esse
459 1704 681 1739 consentiunt
730 1698 877 1739 vittata'.
938 1704 988 1738 De
1027 1704 1178 1749 Crispini
1216 1716 1292 1739 cum
1331 1705 1465 1749 virgine

128 1762 261 1798 Vestali
279 1762 409 1797 incesto
427 1774 448 1797 a
466 1774 580 1797 rerum
600 1762 828 1807 scriptoribus
846 1762 935 1796 nihil
953 1762 1122 1797 traditum
1140 1766 1201 1797 est.
1242 1763 1288 1797 Et
1308 1763 1465 1808 plerique

126 1821 332 1865 interpretes
357 1820 479 1855 dicunt
504 1832 695 1855 sermonem
721 1832 794 1856 esse
826 1820 868 1855 de
894 1824 1013 1865 stupro
1041 1820 1234 1862 Corneliae,
1271 1821 1464 1856 Vestalium

126 1879 306 1920 maximae,
339 1879 471 1914 illato.2
519 1878 688 1914 Nituntur
722 1879 813 1915 enim
846 1890 927 1915 voce
962 1883 1102 1930 ‘terram
1136 1872 1317 1915 subitura'.
1376 1880 1465 1915 Nam

243 1997 251 2012 ¹
274 1994 333 2023 Cfr.
354 2003 426 2031 quae
447 1994 480 2022 de
501 2004 534 2023 ea
554 2004 584 2024 re
604 1995 675 2023 dicit
697 1995 795 2032 Mayor
821 1996 849 2023 in
871 1995 1004 2024 editionis
1026 2004 1094 2024 suae
1120 1996 1175 2024 vol.
1197 1996 1219 2025 Ι.
1249 2005 1315 2033 pag.
1337 1997 1401 2026 393.
1424 2005 1465 2033 sq.

245 2054 256 2071 2
286 2052 376 2082 Poeta
397 2053 519 2090 respexit
539 2052 576 2082 ad
596 2053 726 2082 acerbam
748 2053 905 2083 Domitiani
932 2062 1080 2083 censuram
1106 2056 1135 2083 et
1161 2053 1373 2083 damnationem
1395 2055 1464 2084 Cor-

127 2097 561 2142 neliae3(Rupe1·tius).Es
590 2102 629 2130 ist
657 2102 702 2130 die
728 2101 953 2138 Oberpriesterin
982 2102 1114 2132 Cornelia
1139 2100 1283 2139 gemeintff
1331 2104 1464 2141 (Weber)

135 2150 280 2178 Domitian
303 2149 354 2178 hat
375 2150 447 2178 vier
457 2150 638 2178 Vestalinnen
660 2158 756 2186 wegen
778 2150 995 2179 Unkeuschlieit
1016 2150 1144 2187 bestraft
1165 2151 1259 2180 dreien
1283 2152 1421 2180 iiberliess
1435 2161 1466 2180 er

128 2198 173 2228 die
193 2198 280 2228 Wahl
302 2198 351 2228 des
371 2198 471 2228 Todes
512 2199 576 2228 Nur
596 2198 641 2228 die
661 2199 750 2228 viel-te
771 2198 926 2236 (Cornelia)
945 2199 1013 2229 liess
1034 2208 1064 2229 er
1078 2200 1214 2238 lebendig
1228 2200 1379 2239 begiaben.
1411 2202 1466 2230 Mit

128 2247 174 2275 ihr
194 2248 255 2276 also
276 2248 350 2276 trieb
371 2248 521 2284 Crispinus
541 2244 693 2276 Unzucht
728 2247 893 2284 (Weidner.)
937 2249 1082 2277 Domitian
1104 2249 1244 2284 punished
1266 2250 1330 2278 four
1351 2250 1466 2278 Vestals

127 2295 171 2323 for
192 2295 365 2333 unchastity.
407 2295 467 2324 The
494 2296 557 2324 first
583 2295 671 2332 three,
704 2295 852 2324 Varonilla
878 2279 935 2324 and
962 2295 1010 2324 the
1031 2297 1087 2325 two
1108 2297 1207 2325 sistere
1228 2296 1366 2334 Ocellam,
1395 2306 1466 2327 were
