1779 2595
784 77 828 111 33

142 191 210 228 hoc
226 193 368 228 minime
385 192 652 239 vituperandum
670 197 731 228 est.
782 192 898 237 Ipsam
915 202 1030 226 vocem
1049 184 1196 243 ‘tragici'
1215 190 1318 225 nimis
1335 201 1475 235 gravem

139 261 214 287 esse
238 254 274 287 et
297 251 439 287 modum
464 250 627 287 excedere
651 261 720 286 non
746 261 844 295 nego.

257 320 324 356 Sed
357 319 434 356 fieri
464 322 589 366 potest,
623 322 664 354 ut
695 318 800 354 rebus
831 330 894 364 per
925 329 961 353 se
991 317 1092 359 veris,
1124 317 1153 352 si
1187 317 1290 352 nimis
1321 317 1413 352 inter
1438 328 1475 352 se

140 377 324 424 illigantur
349 381 455 423 atque
479 381 713 424 opponuntur,
739 376 911 413 sententia
935 376 1071 412 oriatur
1088 375 1228 411 omnino
1245 374 1344 412 falsa.
1385 375 1475 410 Nam

140 436 172 472 si
205 440 309 483 poeta
341 437 455 473 dicere
487 437 636 472 voluerit
661 435 901 471 Domitianum
926 447 988 481 per
1013 438 1140 476 totum,
1174 445 1243 480 quo
1268 434 1475 480 imperabat,

138 498 276 540 tempus
301 499 492 530 ceterorum
518 494 682 530 libidines
707 505 823 529 severe
847 493 1047 533 coercuisse,
1073 492 1140 527 sibi
1157 492 1224 527 hac
1248 493 1285 527 in
1309 504 1348 528 re
1371 493 1475 527 nimis

138 552 335 595 indulsisse,
352 552 406 589 vel
425 552 455 588 si
471 552 665 588 Domitiani
691 551 751 587 ille
767 551 881 597 turpis
897 550 1102 587 concubitus
1119 554 1154 586 et
1170 550 1283 596 legum
1301 550 1474 586 restitutio

139 611 297 656 longiore
313 611 480 657 temporis
505 610 689 646 intervallo
707 610 881 646 disiuncta
897 610 978 652 sint,
993 613 1107 655 poeta,
1126 610 1208 655 quia
1233 609 1345 644 utitur
1361 608 1476 644 verbis

142 673 238 723 ‘tunc
254 690 300 695 —
318 663 408 705 cum'
434 681 477 705 ex
501 669 676 704 industria
702 669 739 704 in
765 668 953 713 legentium
978 666 1104 703 animis
1128 667 1253 703 falsam
1279 667 1476 713 opinionem

141 728 294 763 excitare
326 727 561 763 convincatur.
618 727 766 762 Exsistit
799 727 908 771 igitur
942 727 1117 772 quaestio,
1149 729 1266 761 utrum
1299 725 1475 760 Iuvenalis

141 785 239 821 salva
263 785 410 821 veritate
426 785 491 821 has
516 796 571 820 res
596 788 669 820 tam
694 788 769 820 arte
785 784 1005 820 coniunxerit
1029 795 1146 819 necne.
1189 783 1306 829 Atque
1325 783 1475 819 editores

141 844 179 879 in
197 844 288 880 hanc
312 856 385 879 rem
410 844 586 889 inquirere
604 843 809 885 omiserunt3
835 843 939 878 immo
956 855 999 878 ex
1015 845 1139 887 poetae
1163 842 1277 878 verbis
1303 841 1345 876 de
1370 842 1475 877 rebus

142 902 372 937 Domitianeis
398 901 649 936 concluserunt.
700 900 889 946 Rupertius
915 900 1063 945 quidem,
1088 900 1171 945 quia
1196 900 1290 945 apud
1310 900 1474 935 Dionem¹

139 960 269 1005 legitur
294 952 376 1013 ‘noia
400 951 536 994 τούτων’
555 986 563 993 .
582 985 589 992 .
610 985 618 993 .
638 985 646 993 .
666 956 719 1012 ςτῇ
743 951 871 1005 Ἰουλίᾳ
896 950 1064 1005 συνῴκεί,
1092 957 1185 1003 quod
1207 957 1252 993 ad
1272 969 1400 993 annum
1419 959 1475 993 83.

140 1018 301 1063 pertinet,
326 1017 392 1053 hoc
417 1028 555 1063 quoque
579 1028 671 1052 anno
697 1017 788 1061 leges
813 1016 921 1051 Iulias
946 1016 1126 1051 restitutas
1157 1027 1230 1051 esse
1254 1015 1476 1050 arbitratur.²

140 1076 275 1112 Desunt
306 1086 390 1111 sane
413 1075 508 1120 apud
539 1084 655 1110 rerum
690 1074 875 1120 scriptores
909 1074 953 1109 de
977 1074 1033 1109 his
1066 1073 1170 1109 rebus
1205 1072 1310 1109 verba
1343 1077 1476 1119 aperta,

140 1134 201 1170 sed
226 1146 267 1170 eo
292 1134 403 1179 magis
428 1132 602 1168 industrie
625 1132 757 1168 indicia
781 1132 836 1168 vel
852 1132 996 1168 minima
1012 1131 1256 1178 perquirenda,
1281 1142 1346 1166 nec
1370 1132 1476 1167 verba

139 1196 262 1239 poetae
287 1196 414 1227 temere
438 1191 640 1242 accipienda
664 1192 771 1226 sunt.³

256 1260 373 1306 Atque
398 1259 440 1294 de
457 1259 566 1294 Iuliae
592 1259 733 1304 quidem
757 1261 868 1294 morte
892 1258 980 1294 haec
1004 1258 1191 1295 enucleavi.
1241 1258 1282 1294 In
1307 1262 1476 1301 monetae,

140 1330 246 1365 quam
271 1319 400 1364 supra⁴¹t
425 1317 587 1359 diximus,
612 1317 714 1352 titulo
739 1317 831 1352 Iulia
856 1317 1054 1362 appellatur
1080 1309 1218 1366 ‘DIVAE
1252 1316 1474 1352 Domitianus

139 1380 255 1413 autem
279 1381 353 1412 tum
379 1375 595 1411 consulatum
621 1375 692 1420 egit
707 1374 784 1411 XV.
826 1375 976 1422 (Domtr.
1003 1375 1095 1410 Ave.
1122 1374 1242 1411 GERM.
1269 1374 1350 1411 Cos.
1367 1374 1473 1422 XV.),

257 1495 268 1511 ¹
289 1492 348 1522 crr.
369 1492 403 1522 D.
427 1492 507 1522 Cass,
528 1493 574 1522 67.
594 1493 622 1521 3.

255 1553 267 1571 2
287 1551 346 1580 Cfr.
366 1550 452 1580 verba
472 1550 604 1587 Rupertii
625 1550 666 1587 (in
685 1551 855 1587 argumento
875 1549 912 1578 ad
940 1550 993 1578 sat.
1020 1549 1086 1586 II.):
1127 1548 1227 1591 ‘Nobis
1253 1548 1340 1577 Dioni
1367 1548 1475 1578 sufficit

137 1599 259 1636 credere,
279 1608 297 1628 a
316 1607 372 1635 quo
392 1598 484 1627 scelus
505 1598 628 1627 refertur
648 1598 685 1626 ad
705 1607 812 1627 annum
833 1598 879 1627 83.
921 1596 977 1626 Sed
1003 1606 1057 1626 non
1080 1597 1197 1626 obscure
1222 1597 1283 1633 ipse
1303 1597 1403 1634 arguit
1422 1597 1472 1626 Iu-

139 1647 258 1685 venalis,
278 1647 331 1676 hoc
351 1646 448 1676 eodem
468 1648 595 1683 tempore
615 1646 711 1683 fuisse,
740 1647 773 1675 ut
799 1646 936 1683 principis
963 1644 1055 1675 edicto
1080 1644 1167 1687 ‘leges
1187 1642 1310 1675 amarae'
1338 1646 1367 1674 in
1389 1654 1473 1674 usum

138 1691 355 1727 revocarentur?

255 1756 267 1773 ³
287 1754 469 1783 Heinrichius
490 1754 572 1783 haec:
599 1754 718 1796 ‘Ger-ade
744 1763 780 1783 zu
803 1753 884 1791 jener
909 1753 981 1788 Zeit‚
1013 1753 1057 1782 als
1084 1753 1129 1781 die
1157 1752 1326 1782 Geschichte
1351 1753 1405 1781 mit
1425 1752 1475 1782 der

138 1803 244 1833 Nichte
263 1802 447 1841 allgemeines
467 1802 612 1832 Aufsehen
633 1804 752 1840 erregte,
780 1802 901 1839 erfolgte
928 1801 1019 1830 durch
1045 1802 1090 1830 ein
1111 1801 1202 1830 Edikt
1221 1800 1266 1830 die
1286 1800 1475 1838 Erneuerung

138 1852 189 1882 der
208 1852 254 1882 lex
272 1851 350 1882 Iulia
369 1851 403 1881 de
424 1851 583 1890 adulteriis,
605 1851 650 1881 ein
671 1850 855 1889 emporender
875 1850 1026 1880 Contrast!
1068 1850 1108 1879 Es
1129 1850 1224 1879 erhiilt
1238 1849 1289 1879 das
1303 1849 1429 1879 Faktum
1443 1850 1474 1879 in

137 1901 296 1939 Ausehung
315 1901 407 1930 dieser
432 1901 619 1938 Erneuerung
648 1910 701 1930 aus
731 1900 781 1930 der
811 1900 900 1930 Stelle
929 1900 979 1929 des
1004 1900 1124 1929 Iuvenal
1151 1899 1283 1937 zugleich
1309 1900 1370 1928 eine
1397 1900 1474 1928 Zeit-

139 1948 333 1986 bestimmung
354 1949 404 1986 [⁴?]‚
424 1949 483 1978 und
503 1958 570 1978 man
591 1949 666 1978 sieht
685 1949 759 1978 auch
779 1949 861 1986 noch,
881 1957 937 1977 von
957 1948 1076 1977 welcher
1097 1948 1160 1976 Zeit
1180 1957 1216 1976 an
1232 1947 1271 1985 [5³]
1294 1947 1346 1976 das
1366 1947 1473 1976 hench-

137 1997 258 2028 lerische
277 1997 415 2027 Unwesen
436 1997 485 2026 der
505 1997 629 2027 Grossen
648 1998 678 2027 in
699 1998 782 2036 Rom,
808 1997 929 2027 welches
955 2006 1056 2026 unsere
1076 1996 1169 2026 Satire
1195 1995 1340 2034 schildert‚
1368 1996 1475 2026 datiert

138 2046 248 2076 werden
270 2042 368 2076 muss.'
407 2046 503 2075 Multa
522 2046 618 2084 verba,
638 2047 803 2076 testimonia
830 2046 919 2076 nulla.
959 2046 1107 2075 Weidner:
1140 2045 1327 2086 ‹Gleichwohl
1352 2045 1473 2082 erfolgte

138 2104 187 2125 um
207 2094 330 2124 dieselbe
349 2095 412 2124 Zeit
431 2094 522 2124 durch
541 2095 588 2124 eiu
608 2094 696 2124 Edikt
716 2095 763 2124 die
783 2095 970 2132 Emeuerung
996 2094 1046 2123 der
1071 2094 1117 2123 lex
1141 2094 1218 2122 Iulia
1244 2093 1279 2122 de
1310 2093 1472 2123 adulteriis.

138 2144 184 2183 (In
203 2143 327 2173 editione
347 2143 439 2173 altera
458 2143 493 2173 de
513 2145 638 2181 tempore
658 2144 733 2173 m'hil
752 2143 842 2181 dicit.)
883 2143 941 2173 cfr.
964 2143 1042 2173 Suet.
1063 2143 1115 2172 vit.
1137 2142 1218 2171 Dom.
1240 2142 1286 2171 22.
1308 2142 1342 2171 A.
1364 2142 1471 2179 Imhof,

138 2202 204 2231 pag.
225 2189 281 2222 95?
322 2191 377 2221 Sed
397 2200 487 2229 neque
506 2191 583 2229 apud
604 2192 772 2221 Suetonium
791 2201 881 2229 neque
903 2191 980 2229 apud
1000 2191 1153 2220 Imhofium
1180 2190 1214 2219 de
1241 2192 1369 2226 tempore
1388 2190 1472 2226 quid—

136 2250 224 2279 quam
244 2240 360 2279 legitur.

254 2302 267 2319 ⁴
287 2300 345 2330 Cfr.
367 2300 453 2329 huius
475 2300 720 2330 commentationis
740 2309 806 2338 pag.
828 2300 873 2330 31.

1279 2357 1297 2386 3
