1779 2595
894 65 942 99 26

246 187 286 211 ea
312 180 449 220 tractet,
476 190 566 224 quae
589 190 658 214 non
677 178 767 215 vidit
783 180 904 222 solum,
930 180 991 216 sed
1008 179 1095 217 adeo
1113 180 1255 217 adultus
1273 181 1370 223 vidit,
1396 185 1435 218 ut
1452 182 1593 228 singula

249 234 447 272 discernere
484 241 520 272 et
556 241 649 273 recte
686 238 880 274 diiudicare
917 243 1049 284 posset3
1087 240 1154 275 hoc
1190 252 1297 275 unum
1330 240 1594 286 disceptabitur,

245 297 417 338 quatenus
444 295 680 340 exaggerandi
706 296 822 332 studio
848 309 870 331 a
896 308 976 332 vero
1002 297 1167 333 discedat.

774 412 844 449 Sat.
872 413 898 448 I.
926 414 983 448 47.
1010 425 1059 459 sq.

751 521 758 531 ζ
791 514 797 520 .
820 514 826 520 .
847 492 878 519 ot
898 490 944 520 hic
965 490 1119 520 damnatus
1139 491 1218 520 inani

556 537 667 567 Iudicio
688 538 768 575 (quid
788 539 863 567 enim
885 539 973 567 salvis
994 539 1115 568 infamia
1135 539 1261 568 numinis
1270 540 1296 576 1³)

558 586 629 615 Exul
651 586 688 616 ab
709 588 810 617 octava
830 587 941 617 Marius
962 587 1035 617 bibit
1055 589 1084 617 et
1104 587 1212 617 fruitur
1232 587 1276 617 dis

555 635 653 665 Iratis.
694 636 734 664 At
754 638 786 665 tu
807 637 910 665 victrix
931 637 1077 673 provincia
1099 636 1194 673 ploras
1204 633 1220 665 Γ

360 701 478 736 Sermo
505 702 571 737 hoc
597 703 672 738 loco
699 707 751 738 est
776 703 819 738 de
845 703 957 739 Mario
984 704 1121 744 Prisco‚'
1141 704 1201 749 qui
1226 703 1364 738 Africae
1389 703 1589 749 provinciae

241 760 449 805 proconsule
466 760 675 806 praefuerat.
719 761 803 797 Post
820 761 865 797 ab
881 762 974 797 Afris
992 762 1262 808 repetundarum
1280 761 1357 808 (cfr.
1375 761 1471 798 VIII.
1493 763 1589 807 120.)

241 823 426 853 aecusatus
458 832 575 854 mense
608 821 773 855 Ianuario
806 821 890 855 anni
923 822 1002 856 100.
1030 821 1216 855 damnatus
1242 824 1302 855 est.
1356 820 1464 855 Cuius
1491 820 1588 855 dam-

241 876 396 911 nationis
423 877 474 912 vis
501 889 569 912 non
597 878 683 913 satis
710 878 801 913 inter
827 878 920 914 viros
946 878 1065 914 doctos
1083 881 1241 920 constat;
1266 878 1358 914 alius
1376 879 1467 913 enim
1485 878 1588 914 aliter

241 934 283 969 de
308 947 350 970 ea
375 946 413 969 re
439 935 582 971 iudicat.
633 937 809 981 Imprimis
827 939 944 971 autem
962 936 1050 971 illud
1069 937 1186 989 ‘salvis
1204 930 1366 971 nummis’
1384 937 1420 970 in
1439 936 1587 971 obscuro

241 996 302 1027 est.
355 992 521 1028 Hausisse
546 1005 582 1028 se
608 1005 725 1029 omnes
742 994 952 1029 confitentur
975 1006 1017 1029 ex
1034 994 1177 1035 Plinio‚¹
1204 994 1264 1029 sed
1286 993 1382 1029 haud
1400 993 1587 1038 diligenter

240 1050 409 1094 legerunt.
461 1051 651 1086 Narremus
677 1051 786 1095 igitur
819 1052 864 1086 ad
899 1051 1167 1087 examinandam
1200 1051 1373 1086 Iuvenalis
1407 1052 1587 1086 veritatem

240 1107 355 1143 Plinio
382 1107 469 1144 duce
493 1120 576 1150 rem,
603 1109 694 1144 sicut
719 1108 812 1145 facta
838 1112 907 1151 est;
934 1108 1105 1145 editorum
1124 1112 1244 1144 autem
1263 1121 1397 1145 errores
1423 1121 1485 1144 suo
1511 1109 1586 1145 loco

240 1166 525 1210 perstringemus.

356 1223 463 1266 Afris,
490 1227 529 1259 ut
554 1224 626 1259 iam
653 1224 784 1260 dictum
810 1228 871 1267 est,
898 1224 1144 1260 accusantibus
1162 1223 1434 1270 repetundarum
1452 1224 1586 1260 Marius

238 1293 274 1317 se
300 1282 434 1318 absolvi
461 1295 562 1328 posse
588 1283 775 1328 desperans
802 1295 901 1319 reum
935 1296 972 1319 se
998 1295 1072 1319 esse
1097 1282 1273 1318 confessus
1309 1287 1361 1318 est
1386 1283 1586 1328 iudicesque

237 1340 371 1384 petivit,
397 1341 457 1384 qui
477 1345 581 1385 rapta
600 1341 835 1376 aestimarent.
879 1340 1011 1375 Marius
1029 1340 1300 1385 repetundarum
1315 1352 1445 1385 poenas
1459 1340 1586 1375 dedit.²

239 1397 330 1440 Quia
355 1398 490 1434 Plinius
516 1398 559 1433 de
584 1411 698 1444 poena
725 1398 813 1434 nihil
840 1398 1039 1434 accuratius
1066 1397 1177 1439 affert,
1204 1398 1427 1433 statuendum
1450 1398 1585 1433 videtur

240 1467 315 1489 esse
341 1456 504 1496 Marium,
531 1460 572 1490 ut
596 1468 670 1490 mos
697 1460 783 1497 erat,
809 1456 1046 1500 quadruplum
1066 1467 1197 1497 eorum,
1223 1467 1314 1501 quae
1331 1460 1505 1500 rapuerat,
1532 1456 1585 1490 vel

237 1513 365 1558 potius,
392 1525 482 1559 quae
507 1514 777 1549 aestimaverant
802 1514 945 1555 iudices,
971 1514 1245 1559 provincialibus
1263 1514 1414 1549 solvisse.
1455 1514 1522 1549 Sed
1539 1513 1585 1549 ad

236 1572 508 1616 repetundarum
535 1584 675 1606 causam
699 1572 812 1607 altera
837 1571 1025 1606 accedebat
1059 1583 1137 1606 cum
1170 1571 1235 1606 hac
1269 1571 1364 1606 haud
1395 1576 1471 1606 arte
1503 1583 1585 1606 con-

237 1629 385 1664 iuncta-³
436 1629 571 1665 Plinius
606 1630 697 1664 enim
730 1634 765 1664 et
798 1630 958 1671 Tacitus,
993 1641 1071 1664 cum
1105 1633 1209 1674 rapta
1241 1629 1427 1664 aestimata
1460 1633 1584 1671 essent,

236 1687 388 1722 Marium
423 1688 495 1723 alia
529 1700 667 1733 quoque
699 1688 829 1723 scelera
861 1688 898 1722 in
932 1699 968 1723 se
994 1687 1176 1722 admisisse
1201 1687 1459 1729 intellexerunt,
1494 1699 1584 1732 quae

236 1746 456 1781 immanitate
483 1746 687 1781 excederent
713 1746 870 1787 crimina,
898 1746 1027 1791 quibus
1045 1745 1177 1781 iudices
1195 1745 1273 1781 dari
1290 1749 1440 1791 possent.
1477 1745 1585 1780 Nam-

237 1816 305 1849 que
325 1804 468 1845 Marius,
495 1817 516 1839 a
536 1805 679 1840 Vitellio
698 1804 879 1839 Honorato
897 1804 1062 1839 trecentis
1079 1803 1235 1839 millibus
1253 1804 1414 1849 acceptis,
1432 1804 1584 1848 equitem

235 1863 430 1897 Romanum
463 1863 568 1897 exilio
601 1866 801 1907 septemque
834 1862 908 1896 eius
940 1862 1071 1896 amicos
1105 1865 1216 1896 morte
1250 1862 1460 1896 multaverat
1484 1865 1528 1902 et,
1560 1874 1582 1896 a

235 1920 356 1955 Flavio
384 1920 565 1956 Marciano
592 1921 822 1966 septingentis
848 1920 1003 1955 millibus
1029 1920 1191 1965 acceptis,
1218 1920 1367 1965 equitem
1387 1919 1581 1955 Romanum

356 2039 364 2054 ¹
388 2036 480 2073 Epist.
501 2037 539 2066 11.
565 2037 608 2066 11.

352 2087 363 2103 ‘²
386 2085 445 2113 Hoc
465 2087 586 2121 apparet
606 2094 640 2113 ex
662 2084 751 2113 Plinii
775 2085 878 2120 verbis,
899 2094 973 2121 quae
987 2086 1055 2112 sunt
1069 2085 1088 2114 l.
1103 2094 1125 2113 e.
1143 2085 1159 2120 ἓ
1178 2085 1222 2113 13.
1258 2084 1340 2124 ιΕηιῐ
1360 2093 1427 2120 ergo
1443 2093 1579 2120 perquam

233 2142 383 2161 onerosum
405 2141 538 2161 accusare
559 2132 784 2169 damnatum,
806 2141 888 2169 quem
912 2134 944 2160 ut
959 2132 1106 2169 premebat
1125 2132 1262 2160 atrocitas
1276 2132 1413 2168 criminis,
1435 2132 1477 2160 ita
1498 2132 1581 2168 quasi

233 2183 411 2219 peractae
432 2181 684 2211 damnationis
705 2181 851 2211 miseratio
872 2178 1027 2211 tuebatur.'

352 2232 363 2248 ³
384 2231 545 2260 Plin.1⁴c.
568 2232 585 2267 ξ
606 2233 633 2259 3.
676 2253 692 2271 (.
715 2253 720 2259 .
743 2253 750 2261 .
773 2230 896 2269 nequid
916 2231 1019 2260 ultra
1047 2229 1332 2268 repetundarum
1355 2230 1471 2265 legem
1493 2238 1580 2266 quae-

232 2280 342 2310 teretur
364 2301 369 2307 .
393 2302 399 2308 .
422 2275 437 2308 .'
