1779 2595
796 98 838 134 13

148 214 306 251 damnati
339 218 440 250 erant
473 218 565 251 certe
596 214 730 250 Marius
761 214 902 250 Priscus
937 213 964 249 I.
992 215 1061 256 49.‚
1096 213 1192 250 VIII.
1226 215 1318 257 120„
1351 213 1486 261 Capito,

148 273 310 310 Numitor
346 273 439 310 VIII.
467 275 535 316 93„
573 274 648 310 sine
680 273 786 310 dubio
819 273 967 309 feminae
1004 273 1048 309 ΙΙ.
1076 274 1239 309 67.—70.
1278 273 1486 310 nominatae.

148 331 321 367 Obscuros
346 344 426 367 vero
452 333 636 376 quominus
662 332 764 367 iustis
791 332 987 369 nominibus
1004 331 1209 377 appellaret,
1234 332 1334 367 nulla
1350 344 1388 367 re
1405 344 1486 377 pro-

147 389 335 425 hibebatur
359 391 473 436 poeta.
524 389 675 431 Accedit,
710 388 804 435 quod
836 389 1019 425 verborum
1052 392 1218 424 contextu
1250 389 1327 424 luce
1356 389 1486 425 clarius

148 460 250 494 saepe
274 448 533 485 demonstratur
559 460 632 484 esse
657 460 850 485 sermonem
875 448 919 485 de
943 447 1154 490 hominibus,
1180 460 1267 493 quos
1287 452 1361 484 tum
1380 460 1486 484 unus-

147 506 294 552 quisque
319 507 405 542 satis
429 510 586 541 noverat:
625 506 721 552 Lyde
746 506 790 541 ΙΙ.
819 508 909 547 141.,
942 506 1091 540 Procula
1116 505 1177 541 111.
1204 507 1298 547 203„
1334 505 1485 541 Corbulo

147 564 210 600 111.
236 566 328 607 251„
354 564 563 600 Heliodorus
582 563 641 600 VI.
660 566 752 606 373„
776 563 938 600 Themiso
955 563 998 598 X.
1017 565 1112 605 221„
1137 563 1312 599 Hamillus
1330 563 1371 598 X.
1392 565 1485 606 224„

147 623 269 658 Rutila
293 622 335 657 X.
362 624 454 664 294„
492 634 580 657 uxor
604 622 708 658 Fusci
739 622 817 657 XII.
844 624 901 657 45.
933 625 997 657 etc.
1055 622 1178 667 Itaque
1216 622 1275 667 qui
1310 622 1485 658 Iuvenalis

148 684 285 715 saturas
310 679 417 716 fuisse
442 680 658 716 arbitrantur
684 691 791 715 vanas
816 679 1096 721 declamationes,
1121 683 1250 716 errant.

266 748 313 783 Et
338 748 563 783 stultissimus
595 747 726 790 fuisset,
760 748 790 783 si
821 747 868 783 ad
901 747 1143 783 ostentandam
1174 748 1262 783 artis
1288 748 1483 784 rhetoricae

148 805 347 841 facultatem
372 805 464 841 hanc
488 806 556 841 sibi
582 806 783 851 sumpsisset
806 806 998 841 materiam.
1041 805 1130 841 Nam
1148 810 1299 851 quantas
1317 806 1384 841 sibi
1403 806 1484 842 feeit

148 864 352 904 simultates,
378 867 511 908 quanta
536 863 712 908 pericula?
762 863 865 905 Quid,
892 864 985 909 quod
1002 875 1123 899 revera
1141 864 1177 898 in
1195 864 1338 898 exilium
1357 864 1482 899 missus

148 924 201 956 est
224 925 367 966 propter
392 924 539 956 saturas.
585 920 700 962 Quare
718 932 787 955 non
805 920 917 955 solum
934 921 1129 965 elegantiae
1150 921 1289 956 laudem
1307 921 1485 957 affectavit

148 979 336 1021 Iuvenalis,
362 979 422 1014 sed
448 978 594 1032 ‘derexit
612 978 777 1014 bracchia
793 983 915 1015 contra
932 983 1121 1014 torrentem
1138 983 1173 1015 et
1190 979 1295 1015 vitam
1314 979 1485 1025 impendit

147 1030 250 1072 vero.’
300 1037 424 1072 Nonne
449 1037 586 1072 fabulas
612 1037 692 1072 illas
717 1040 880 1079 veterum,
914 1049 1002 1082 quas
1035 1036 1224 1072 identidem
1250 1038 1396 1079 deridet,
1431 1038 1484 1072 vel

147 1094 339 1140 quamlibet
363 1095 469 1130 aliam
493 1106 564 1129 rem
591 1094 737 1140 comptis
762 1098 797 1130 et
821 1094 993 1131 rhetorice
1025 1095 1158 1130 ornatis
1191 1095 1305 1130 verbis
1339 1106 1485 1131 narrare

147 1153 262 1197 potuit
287 1153 361 1187 sine
386 1156 478 1187 metu
505 1152 672 1197 periculi?
715 1152 815 1187 Certe
831 1153 955 1197 potuit,
980 1153 1041 1187 sed
1059 1165 1271 1198 quamquam
1289 1154 1484 1198 elegantiae

148 1210 291 1246 minime
316 1213 542 1256 contemptor,
576 1211 681 1245 immo
707 1210 866 1246 sublimis
901 1210 1064 1245 dictionis
1097 1214 1256 1253 sectator,
1288 1215 1405 1246 tamen
1430 1211 1484 1245 in-

147 1270 347 1315 dignatione
373 1269 536 1304 scelerum
562 1268 607 1304 ad
632 1272 789 1304 saturam
815 1268 1043 1305 deferebatur.

264 1337 366 1372 Mitto
392 1337 502 1382 ipsius
527 1340 650 1381 poetae
675 1337 790 1378 verba,
816 1337 982 1382 quoniam
1007 1348 1084 1371 eum
1110 1337 1266 1382 proferre
1284 1341 1417 1379 testem,
1443 1338 1486 1372 de

147 1395 246 1430 cuius
271 1394 339 1430 fide
364 1395 587 1440 disceptatur,
613 1406 683 1429 non
708 1394 806 1429 licet:

380 1472 541 1513 (Fingimus
562 1472 631 1501 haec
651 1471 742 1500 altum
765 1473 865 1501 satura
885 1473 1014 1501 sumente
1034 1471 1204 1501 cothurnum

381 1521 495 1549 Scilicet
514 1521 543 1548 et
563 1520 646 1548 finem
668 1520 774 1556 egressi
795 1520 943 1556 legemque
962 1520 1088 1556 priorum

380 1568 495 1597 Grande
515 1567 669 1605 Sophocleo
690 1577 802 1597 carmen
824 1567 995 1597 bacchamur
1016 1568 1108 1604 hiatu,

379 1616 525 1645 Montibus
545 1616 675 1653 ignotum
697 1616 805 1644 Rutilis
826 1616 957 1652 caeloque
976 1616 1103 1644 Latino?

379 1664 439 1692 Nos
459 1664 570 1692 utinam
591 1663 672 1691 vani!
694 1663 744 1691 sed
765 1663 871 1692 clamat
891 1663 1010 1692 Pontia:
1032 1663 1107 1700 Feci,

378 1712 530 1749 Confiteor,
552 1711 701 1749 puerisque
721 1711 793 1740 meis
812 1711 926 1741 aconita
945 1711 1053 1749 paravi,

377 1761 456 1796 Quae
476 1760 613 1797 deprensa
633 1762 741 1797 patent,
762 1760 875 1789 facinus
895 1762 992 1789 tamen
1012 1760 1076 1797 ipsa
1095 1756 1211 1797 peregi.'
1233 1763 1289 1781 —1

148 1830 309 1864 Attamen
335 1829 422 1863 talia
447 1828 552 1863 verba
576 1828 690 1863 dicere
707 1839 794 1870 eum,
819 1840 922 1873 quem
940 1829 1103 1873 aequales
1122 1829 1261 1863 mentiri
1282 1829 1484 1865 convincere

145 1891 295 1932 possent,
321 1880 508 1922 absurdum
536 1886 610 1921 suit.

263 2024 271 2040 ¹
294 2021 353 2051 cfr.
379 2021 425 2050 VI.
447 2022 512 2051 634.
534 2030 574 2058 sq.
605 2022 647 2050 De
662 2020 781 2050 Pontiae
802 2021 925 2050 facinore
945 2021 1072 2051 dubitari
1088 2022 1193 2058 nequit.
1225 2021 1386 2051 Scholiasta
1407 2022 1481 2051 enim

146 2081 204 2100 rem
225 2072 314 2107 novit,
335 2079 433 2107 neque,
454 2072 488 2099 ut
508 2079 591 2107 saepe
611 2070 654 2107 fit,
681 2079 714 2099 ex
735 2072 835 2107 poetae
855 2070 951 2099 verbis
971 2070 1026 2099 sibi
1047 2070 1258 2100 adnotationem
1280 2080 1361 2099 suam
1383 2070 1480 2099 finxit:

146 2120 275 2161 (Pontia.
301 2119 398 2148 Publii
425 2119 552 2148 Petronii
580 2118 654 2155 filia,
680 2127 763 2155 quem
791 2118 868 2147 Nero
894 2119 1053 2148 convictum
1081 2120 1109 2147 in
1136 2119 1253 2148 crimine
1279 2119 1482 2148 coniurationis

146 2168 309 2204 damnavit,
340 2167 473 2196 defuncto
500 2167 603 2196 marito
630 2167 705 2195 filios
732 2176 798 2195 suos
825 2176 930 2196 veneno
956 2176 1071 2196 necasse
1091 2168 1229 2203 convicta,
1256 2176 1320 2195 cum
1342 2167 1432 2203 largis
1453 2176 1483 2195 se

145 2217 238 2254 epulis
259 2218 403 2246 onerasset
423 2218 452 2246 et
471 2216 545 2252 vino,
573 2215 652 2245 venis
672 2215 771 2245 incisis
791 2215 912 2253 saltans,
941 2224 997 2253 quo
1017 2216 1139 2245 maxime
1159 2215 1255 2244 studio
1275 2215 1482 2252 oblectabatur,

146 2266 271 2295 extincta
291 2262 353 2297 ests
395 2265 519 2302 Accedit,
539 2264 614 2303 quod
635 2265 779 2294 Martialis
799 2265 851 2303 (ΙΙ.
872 2266 918 2295 34.
939 2266 965 2295 6.
986 2266 1015 2294 et
1035 2265 1087 2295 VI.
1108 2266 1166 2302 75.)
1200 2264 1334 2294 Pontiam
1355 2264 1484 2302 appellat

145 2314 308 2344 veneficam.
